
<record>
  <leader>02714cam a2200349 i 4500</leader>
  <controlfield tag="001">20043185</controlfield>
  <controlfield tag="005">20200102130604.0</controlfield>
  <controlfield tag="008">171002s2003    mauab    b    110 0 eng  </controlfield>
  <datafield tag="906" ind1=" " ind2=" ">
    <subfield code="a">7</subfield>
    <subfield code="b">cbc</subfield>
    <subfield code="c">orignew</subfield>
    <subfield code="d">2</subfield>
    <subfield code="e">ncip</subfield>
    <subfield code="f">20</subfield>
    <subfield code="g">y-gencatlg</subfield>
  </datafield>
  <datafield tag="925" ind1="0" ind2=" ">
    <subfield code="a">acquire</subfield>
    <subfield code="b">1 shelf copy</subfield>
    <subfield code="x">policy default</subfield>
  </datafield>
  <datafield tag="955" ind1=" " ind2=" ">
    <subfield code="b">rk20 2017-10-02</subfield>
    <subfield code="a">rl00 2019-10-01 to SMA</subfield>
    <subfield code="c">rl14 2019-10-03 for review</subfield>
    <subfield code="a">rk09 2020-01-02 review</subfield>
    <subfield code="d">rk09 2020-01-02 to Dewey</subfield>
  </datafield>
  <datafield tag="010" ind1=" " ind2=" ">
    <subfield code="a">  2017446235</subfield>
  </datafield>
  <datafield tag="020" ind1=" " ind2=" ">
    <subfield code="a">1878220578</subfield>
  </datafield>
  <datafield tag="040" ind1=" " ind2=" ">
    <subfield code="a">DLC</subfield>
    <subfield code="b">eng</subfield>
    <subfield code="e">rda</subfield>
    <subfield code="c">DLC</subfield>
  </datafield>
  <datafield tag="042" ind1=" " ind2=" ">
    <subfield code="a">pcc</subfield>
  </datafield>
  <datafield tag="050" ind1="0" ind2="0">
    <subfield code="a">QC973.45</subfield>
    <subfield code="b">.A85 2002</subfield>
  </datafield>
  <datafield tag="111" ind1="2" ind2=" ">
    <subfield code="a">Atlas Symposium</subfield>
    <subfield code="d">(2002 :</subfield>
    <subfield code="c">Orlando, Fla.),</subfield>
    <subfield code="j">author.</subfield>
  </datafield>
  <datafield tag="245" ind1="1" ind2="0">
    <subfield code="a">Radar and atmospheric science :</subfield>
    <subfield code="b">a collection of essays in honor of David Atlas /</subfield>
    <subfield code="c">edited by Dr. Roger M. Wakimoto, Dr. Ramesh Srivastava.</subfield>
  </datafield>
  <datafield tag="264" ind1=" " ind2="1">
    <subfield code="a">Boston, Massachusetts :</subfield>
    <subfield code="b">American Meteorological Society,</subfield>
    <subfield code="c">[2003]</subfield>
  </datafield>
  <datafield tag="300" ind1=" " ind2=" ">
    <subfield code="a">vii, 270 pages :</subfield>
    <subfield code="b">illustrations (some color), color map ;</subfield>
    <subfield code="c">29 cm.</subfield>
  </datafield>
  <datafield tag="336" ind1=" " ind2=" ">
    <subfield code="a">text</subfield>
    <subfield code="b">txt</subfield>
    <subfield code="2">rdacontent</subfield>
  </datafield>
  <datafield tag="337" ind1=" " ind2=" ">
    <subfield code="a">unmediated</subfield>
    <subfield code="b">n</subfield>
    <subfield code="2">rdamedia</subfield>
  </datafield>
  <datafield tag="338" ind1=" " ind2=" ">
    <subfield code="a">volume</subfield>
    <subfield code="b">nc</subfield>
    <subfield code="2">rdacarrier</subfield>
  </datafield>
  <datafield tag="490" ind1="0" ind2=" ">
    <subfield code="a">Meteorological monographs,</subfield>
    <subfield code="x">0065-9401 ;</subfield>
    <subfield code="v">volume 30, number 52</subfield>
  </datafield>
  <datafield tag="504" ind1=" " ind2=" ">
    <subfield code="a">Includes bibliographical references.</subfield>
  </datafield>
  <datafield tag="505" ind1="0" ind2=" ">
    <subfield code="a">David Atlas : the man and his works / Robert J. Sefarin and Richard E. Carbone -- Mesoscale substructure of extratropical cyclones observed by radar / Keith A. Browning -- State of the science : radar view of tropical cyclones / Frank D. Marks, Jr. -- Forcing and organization of convective systems / David P. Jorgensen and Tanny M. Weckwerth -- Mobile radar observations of severe convective storms / Howard B. Bluestein and Roger M. Wakimoto -- Photographs from the David Atlas Symposium -- Recent developments in observations, modeling, and understanding atmospheric turbulence and waves / Kenneth S. Gage and Earl E. Gossard -- The assimilation of radar data for weather prediction / Juanzhen Sun and James W. Wilson -- Innovative signal utilization and processing / Frédéric Fabry and R. Jeffrey Keeler -- Global and local precipitation measurements by radar / V. Chandrasekar, R. Meneghini, and I. Zawadzki -- Cloud microphysical properties, processes, and rainfall estimation opportunities / Daniel Rosenfeld and Carlton W. Ulbrich -- Some educational innovations in radar meteorology / Steven A. Rutledge and V. Chandrasekar -- Photographs from the evening banquet at the Rosen Plaza Hotel.</subfield>
  </datafield>
  <datafield tag="650" ind1=" " ind2="0">
    <subfield code="a">Radar meteorology</subfield>
    <subfield code="v">Congresses.</subfield>
  </datafield>
  <datafield tag="650" ind1=" " ind2="0">
    <subfield code="a">Atmospheric circulation</subfield>
    <subfield code="x">Measurement</subfield>
    <subfield code="v">Congresses.</subfield>
  </datafield>
  <datafield tag="650" ind1=" " ind2="0">
    <subfield code="a">Radar</subfield>
    <subfield code="x">Scientific applications</subfield>
    <subfield code="v">Congresses.</subfield>
  </datafield>
  <datafield tag="700" ind1="1" ind2=" ">
    <subfield code="a">Wakimoto, Roger M.,</subfield>
    <subfield code="d">1953-</subfield>
    <subfield code="e">editor.</subfield>
  </datafield>
  <datafield tag="700" ind1="1" ind2=" ">
    <subfield code="a">Srivastava, Ramesh</subfield>
    <subfield code="c">(Meteorologist),</subfield>
    <subfield code="e">editor.</subfield>
  </datafield>
  <datafield tag="700" ind1="1" ind2=" ">
    <subfield code="a">Atlas, David,</subfield>
    <subfield code="d">1924-2015,</subfield>
    <subfield code="e">honouree.</subfield>
  </datafield>
</record>