
<record>
  <leader>02608cam a22003617i 4500</leader>
  <controlfield tag="001">20086526</controlfield>
  <controlfield tag="005">20200102070440.0</controlfield>
  <controlfield tag="008">170919s2017    fr a     b    000 0 fre  </controlfield>
  <datafield tag="906" ind1=" " ind2=" ">
    <subfield code="a">0</subfield>
    <subfield code="b">ibc</subfield>
    <subfield code="c">origres</subfield>
    <subfield code="d">3</subfield>
    <subfield code="e">ncip</subfield>
    <subfield code="f">20</subfield>
    <subfield code="g">y-gencatlg</subfield>
  </datafield>
  <datafield tag="925" ind1="0" ind2=" ">
    <subfield code="a">acquire</subfield>
    <subfield code="b">1 shelf copy</subfield>
    <subfield code="x">policy default</subfield>
  </datafield>
  <datafield tag="955" ind1=" " ind2=" ">
    <subfield code="a">ve03</subfield>
    <subfield code="b">BD25 2017-12-01</subfield>
    <subfield code="h">th05 2020-01-02 LAC to shelf</subfield>
  </datafield>
  <datafield tag="010" ind1=" " ind2=" ">
    <subfield code="a">  2017466828</subfield>
  </datafield>
  <datafield tag="020" ind1=" " ind2=" ">
    <subfield code="a">9782365190220</subfield>
  </datafield>
  <datafield tag="035" ind1=" " ind2=" ">
    <subfield code="a">(Fr-PaAMA)AAL0759597-0001</subfield>
  </datafield>
  <datafield tag="040" ind1=" " ind2=" ">
    <subfield code="a">DLC</subfield>
    <subfield code="b">eng</subfield>
    <subfield code="c">DLC</subfield>
    <subfield code="e">rda</subfield>
  </datafield>
  <datafield tag="043" ind1=" " ind2=" ">
    <subfield code="a">a-cc---</subfield>
  </datafield>
  <datafield tag="050" ind1="0" ind2="0">
    <subfield code="a">MLCM 2020/45522 (G)</subfield>
  </datafield>
  <datafield tag="245" ind1="0" ind2="3">
    <subfield code="a">Le battement de la vie :</subfield>
    <subfield code="b">le corps naturel et ses représentations en Chine /</subfield>
    <subfield code="c">édité par Brigitte Baptandier.</subfield>
  </datafield>
  <datafield tag="264" ind1=" " ind2="1">
    <subfield code="a">Nanterre :</subfield>
    <subfield code="b">Société d&apos;ethnologie,</subfield>
    <subfield code="c">2017.</subfield>
  </datafield>
  <datafield tag="300" ind1=" " ind2=" ">
    <subfield code="a">405 pages :</subfield>
    <subfield code="b">illustrations (chiefly color) ;</subfield>
    <subfield code="c">24 cm.</subfield>
  </datafield>
  <datafield tag="336" ind1=" " ind2=" ">
    <subfield code="a">text</subfield>
    <subfield code="b">txt</subfield>
    <subfield code="2">rdacontent</subfield>
  </datafield>
  <datafield tag="337" ind1=" " ind2=" ">
    <subfield code="a">unmediated</subfield>
    <subfield code="b">n</subfield>
    <subfield code="2">rdamedia</subfield>
  </datafield>
  <datafield tag="338" ind1=" " ind2=" ">
    <subfield code="a">volume</subfield>
    <subfield code="b">nc</subfield>
    <subfield code="2">rdacarrier</subfield>
  </datafield>
  <datafield tag="490" ind1="0" ind2=" ">
    <subfield code="a">Recherches sur la Haute Asie,</subfield>
    <subfield code="x">0768-164X ;</subfield>
    <subfield code="v">22</subfield>
  </datafield>
  <datafield tag="500" ind1=" " ind2=" ">
    <subfield code="a">&quot;Le présent ouvrage est issu de plusieurs années du séminair Atelier Chine&quot;--Page 9.</subfield>
  </datafield>
  <datafield tag="500" ind1=" " ind2=" ">
    <subfield code="a">Minimal Level Cataloging Plus</subfield>
    <subfield code="5">DLC</subfield>
  </datafield>
  <datafield tag="504" ind1=" " ind2=" ">
    <subfield code="a">Includes bibliographical references.</subfield>
  </datafield>
  <datafield tag="505" ind1="0" ind2=" ">
    <subfield code="a">Le corps dans le Taiji quan et dans la psychanalyse / Brigitte Baptandier -- Soigner le corps par le nom et le geste : de la pratique de l&apos;acupuncture / Catherine Despeux. 2 -- Corporalité, territoire et ancêtre fondateur dans un village urbanisé de Shenzhen / Anne-Christine Trémon -- Le corps et les entrailles des dieux : corps vivant, complet et malade / Alain Arrault -- Quand les femmes font corps : le tatouage facial féminin chez les Drung du Yunnan / Stéphane Gros -- Danse cosmique et voix en écho : la déhiscence des chema / Aurélie Névot -- Corps humains, corps divins : transformation rituelle des acteurs du Théâtre de Guan Suo / Sylvie Beaud -- Le corps morcelé de Zhang Fei : allégorie d&apos;espaces bouleversés en amont du barrage des Trois Gorges / Katiana Le Mentec -- Le sabreur pourfendu : corps mutilé et corps glorieux dans le cinéma de Chang Cheh / Françoise Lauwaert -- &quot;Excellentes naissances, excellentes éducations&quot; : nourrir et façonner le corps des petits empereurs entre métissage et hybridité / Gladys Chicharro -- La part essentielle de l&apos;être n&apos;est &quot;ni dans le corps, ni hors du corps&quot; : portrait d&apos;un maître taoïste médecin et ascète / Adeline Herrou.</subfield>
  </datafield>
  <datafield tag="650" ind1=" " ind2="0">
    <subfield code="a">Human body</subfield>
    <subfield code="x">Social aspects</subfield>
    <subfield code="z">China.</subfield>
  </datafield>
  <datafield tag="700" ind1="1" ind2=" ">
    <subfield code="a">Baptandier, Brigitte,</subfield>
    <subfield code="e">editor.</subfield>
  </datafield>
  <datafield tag="923" ind1=" " ind2=" ">
    <subfield code="d">20171016</subfield>
    <subfield code="n">592010</subfield>
    <subfield code="s">AmaLivre</subfield>
  </datafield>
  <datafield tag="952" ind1=" " ind2=" ">
    <subfield code="a">FLMC contract</subfield>
  </datafield>
  <datafield tag="985" ind1=" " ind2=" ">
    <subfield code="e">VENDOR LOAD</subfield>
  </datafield>
</record>