
<record>
  <leader>03553cam a22004577a 4500</leader>
  <controlfield tag="001">20179899</controlfield>
  <controlfield tag="005">20200102105612.0</controlfield>
  <controlfield tag="008">171201s2017    gw a     b    010 0 ger d</controlfield>
  <datafield tag="906" ind1=" " ind2=" ">
    <subfield code="a">7</subfield>
    <subfield code="b">cbc</subfield>
    <subfield code="c">copycat</subfield>
    <subfield code="d">3</subfield>
    <subfield code="e">ncip</subfield>
    <subfield code="f">20</subfield>
    <subfield code="g">y-gencatlg</subfield>
  </datafield>
  <datafield tag="925" ind1="0" ind2=" ">
    <subfield code="a">acquire</subfield>
    <subfield code="b">1 shelf copy</subfield>
    <subfield code="x">policy default</subfield>
  </datafield>
  <datafield tag="955" ind1=" " ind2=" ">
    <subfield code="b">fd10 2019-10-29 z-processor</subfield>
    <subfield code="i">fd21 2020-01-02 to BCCD</subfield>
  </datafield>
  <datafield tag="955" ind1=" " ind2=" ">
    <subfield code="a">ve21</subfield>
    <subfield code="a">fd10 2018-01-26</subfield>
    <subfield code="a">fd00 2018-02-09 to GS/GER</subfield>
  </datafield>
  <datafield tag="010" ind1=" " ind2=" ">
    <subfield code="a">  2017457571</subfield>
  </datafield>
  <datafield tag="016" ind1="7" ind2=" ">
    <subfield code="a">1122843186</subfield>
    <subfield code="2">GyFmDB</subfield>
  </datafield>
  <datafield tag="020" ind1=" " ind2=" ">
    <subfield code="a">9783897107076</subfield>
    <subfield code="q">(pbk.)</subfield>
  </datafield>
  <datafield tag="020" ind1=" " ind2=" ">
    <subfield code="a">3897107074</subfield>
    <subfield code="q">(pbk.)</subfield>
  </datafield>
  <datafield tag="024" ind1="3" ind2=" ">
    <subfield code="a">9783897107076</subfield>
  </datafield>
  <datafield tag="035" ind1=" " ind2=" ">
    <subfield code="a">(OCoLC)on1012942369</subfield>
  </datafield>
  <datafield tag="040" ind1=" " ind2=" ">
    <subfield code="a">OHX</subfield>
    <subfield code="b">eng</subfield>
    <subfield code="c">OHX</subfield>
    <subfield code="d">PTS</subfield>
    <subfield code="d">OCLCF</subfield>
    <subfield code="d">DLC</subfield>
  </datafield>
  <datafield tag="042" ind1=" " ind2=" ">
    <subfield code="a">lccopycat</subfield>
  </datafield>
  <datafield tag="050" ind1="0" ind2="0">
    <subfield code="a">BX7569.7.A4</subfield>
    <subfield code="b">A47 2017</subfield>
  </datafield>
  <datafield tag="072" ind1=" " ind2="7">
    <subfield code="a">BX</subfield>
    <subfield code="2">lcco</subfield>
  </datafield>
  <datafield tag="245" ind1="0" ind2="0">
    <subfield code="a">&quot;Als lebendige Steine lasst euch aufbauen zu einem geistlichen Haus&quot; :</subfield>
    <subfield code="b">175 Jahre Evangelischer Kirchenkreis Paderborn /</subfield>
    <subfield code="c">Richard Janus, Gesine Dronsz (Hg.).</subfield>
  </datafield>
  <datafield tag="264" ind1=" " ind2="1">
    <subfield code="a">Paderborn :</subfield>
    <subfield code="b">Bonifatius,</subfield>
    <subfield code="c">[2017].</subfield>
  </datafield>
  <datafield tag="300" ind1=" " ind2=" ">
    <subfield code="a">309 pages :</subfield>
    <subfield code="b">illustrations (some color) ;</subfield>
    <subfield code="c">22 cm.</subfield>
  </datafield>
  <datafield tag="336" ind1=" " ind2=" ">
    <subfield code="a">text</subfield>
    <subfield code="b">txt</subfield>
    <subfield code="2">rdacontent</subfield>
  </datafield>
  <datafield tag="337" ind1=" " ind2=" ">
    <subfield code="a">unmediated</subfield>
    <subfield code="b">n</subfield>
    <subfield code="2">rdamedia</subfield>
  </datafield>
  <datafield tag="338" ind1=" " ind2=" ">
    <subfield code="a">volume</subfield>
    <subfield code="b">nc</subfield>
    <subfield code="2">rdacarrier</subfield>
  </datafield>
  <datafield tag="500" ind1=" " ind2=" ">
    <subfield code="a">Festschrift.</subfield>
  </datafield>
  <datafield tag="504" ind1=" " ind2=" ">
    <subfield code="a">Includes bibliographical references.</subfield>
  </datafield>
  <datafield tag="505" ind1="0" ind2=" ">
    <subfield code="a">Grusswort / Volker Neuhoff -- Vorwort / Gesine Dronsz und Richard Janus -- Evangelische Kirche in und um Paderborn vom 19. bis zum 21. Jahrhundert - ein Überblick / Gesine Dronsz -- Die Entwicklung des Kirchenkreises Paderborn von der Wiederbegründung evangelischen Lebens durch die Preussen bis zum Ersten Weltkrieg / Richard Janus -- Der Kirchenkreis Paderborn &quot;zwischen Wandel und Beharren&quot; : die Zeit der Weimarer Republik / Gesine Dronsz -- Zwischen Entscheidungszwang und Bekenntnis : die Situation des Kirchenkreises Paderborn im Nationalsozialismus - Karl Arthur Pabst und das &quot;Brakeler Bekenntnis&quot; / Bernd Zymner -- Ein &quot;Vorposten des Protestantismus in weithin katholischer Gegend&quot;? : Bekenntnis und theologische Kultur im Kirchenkreis Paderborn nach 1945 / Gesine Dronsz -- Kirchengeschichte begreifen : ein Abendmahlskelch aus der Gründerzeit des Kirchenkreises in Büren / Ulrich Althöfer -- Sanierung und Umgestaltung in und an der Abdinghafkirche Paderbarn / Eckhard Düker -- Die ESG Paderbarn van 1979 bis 1990 / Antje Heider-Rottwilm -- Exzentrik : Beabachtungen zur Geschichte der Thealagie am lnstitut für Evangelische Thealagie / Markus Hentschel -- Der zweite Paderborner Superintendent Konrad Beckhaus als erweckter Lutheraner : Elemente seiner Frömmigkeitsthealagie / Richard Janus -- Vom Glasbläserfriedhaf zum Waldfriedhof : der evangelische Waldfriedhaf in Altenböddeken / Lydia Lorenz -- Glocken im evangelischen Kirchenkreis Paderbarn / Claus Peter -- Das biblische Leitbild der Kirchenkreiskanzeptian als Beispiel kontextueller Theolagie / Rainer Reuter -- 175 Jahre Evangelischer Kirchenkreis Paderborn : ein Ausblick / Anke Schröder -- Die ESG : Evangelische Kirche an der Universität van 2004 bis 2014 / Matthias Surall.</subfield>
  </datafield>
  <datafield tag="610" ind1="2" ind2="0">
    <subfield code="a">Evangelische Kirche von Westfalen</subfield>
    <subfield code="x">History.</subfield>
  </datafield>
  <datafield tag="650" ind1=" " ind2="0">
    <subfield code="a">Protestant churches</subfield>
    <subfield code="z">Germany</subfield>
    <subfield code="z">Paderborn</subfield>
    <subfield code="x">History.</subfield>
  </datafield>
  <datafield tag="651" ind1=" " ind2="0">
    <subfield code="a">Paderborn (Germany)</subfield>
    <subfield code="x">Church history.</subfield>
  </datafield>
  <datafield tag="610" ind1="2" ind2="7">
    <subfield code="a">Evangelische Kirche von Westfalen.</subfield>
    <subfield code="2">fast</subfield>
    <subfield code="0">(OCoLC)fst00578414</subfield>
  </datafield>
  <datafield tag="650" ind1=" " ind2="7">
    <subfield code="a">Protestant churches.</subfield>
    <subfield code="2">fast</subfield>
    <subfield code="0">(OCoLC)fst01079875</subfield>
  </datafield>
  <datafield tag="651" ind1=" " ind2="7">
    <subfield code="a">Germany</subfield>
    <subfield code="z">Paderborn.</subfield>
    <subfield code="2">fast</subfield>
    <subfield code="0">(OCoLC)fst01207526</subfield>
  </datafield>
  <datafield tag="655" ind1=" " ind2="7">
    <subfield code="a">Church history.</subfield>
    <subfield code="2">fast</subfield>
    <subfield code="0">(OCoLC)fst01411629</subfield>
  </datafield>
  <datafield tag="655" ind1=" " ind2="7">
    <subfield code="a">History.</subfield>
    <subfield code="2">fast</subfield>
    <subfield code="0">(OCoLC)fst01411628</subfield>
  </datafield>
  <datafield tag="923" ind1=" " ind2=" ">
    <subfield code="d">20171205</subfield>
    <subfield code="n">0155534</subfield>
    <subfield code="s">GyWOH</subfield>
  </datafield>
  <datafield tag="985" ind1=" " ind2=" ">
    <subfield code="e">VENDOR LOAD</subfield>
  </datafield>
</record>