
<record>
  <leader>05108cicaa22005417i 4500</leader>
  <controlfield tag="001">20251489</controlfield>
  <controlfield tag="005">20200102150119.0</controlfield>
  <controlfield tag="007">ss |mnjl|||n|e</controlfield>
  <controlfield tag="008">180108i19751980alunn    z          eng  </controlfield>
  <datafield tag="906" ind1=" " ind2=" ">
    <subfield code="a">0</subfield>
    <subfield code="b">ibc</subfield>
    <subfield code="c">orignew</subfield>
    <subfield code="d">u</subfield>
    <subfield code="e">ncip</subfield>
    <subfield code="f">20</subfield>
    <subfield code="g">y-folklife</subfield>
  </datafield>
  <datafield tag="955" ind1=" " ind2=" ">
    <subfield code="a">hh08 2018-01-08 gift contact letter sent per MoR for Todd Harvey LS/AFC - awaiting materials</subfield>
    <subfield code="a">mkru 2018-02-27 rec&apos;d in AFC</subfield>
    <subfield code="a">mler 2019-10-25</subfield>
    <subfield code="a">mler 2019-12-31</subfield>
  </datafield>
  <datafield tag="010" ind1=" " ind2=" ">
    <subfield code="a">  2018655216</subfield>
  </datafield>
  <datafield tag="040" ind1=" " ind2=" ">
    <subfield code="a">DLC</subfield>
    <subfield code="b">eng</subfield>
    <subfield code="e">dacs</subfield>
    <subfield code="c">DLC</subfield>
  </datafield>
  <datafield tag="043" ind1=" " ind2=" ">
    <subfield code="a">n-us---</subfield>
    <subfield code="a">n-usu--</subfield>
    <subfield code="a">n-us-al</subfield>
  </datafield>
  <datafield tag="090" ind1=" " ind2=" ">
    <subfield code="a">AFC 2018/004</subfield>
  </datafield>
  <datafield tag="245" ind1="0" ind2="0">
    <subfield code="a">Joseph C. Mele collection of dialect recordings from the University of South Alabama.</subfield>
  </datafield>
  <datafield tag="246" ind1="1" ind2="3">
    <subfield code="a">University of South Alabama Dialect Tape Center collection</subfield>
  </datafield>
  <datafield tag="264" ind1=" " ind2="0">
    <subfield code="c">1975-1980.</subfield>
  </datafield>
  <datafield tag="300" ind1=" " ind2=" ">
    <subfield code="a">346 sound cassettes (C-60) :</subfield>
    <subfield code="b">analog.</subfield>
  </datafield>
  <datafield tag="336" ind1=" " ind2=" ">
    <subfield code="a">spoken word</subfield>
    <subfield code="b">spw</subfield>
    <subfield code="2">rdacontent</subfield>
  </datafield>
  <datafield tag="337" ind1=" " ind2=" ">
    <subfield code="a">audio</subfield>
    <subfield code="b">s</subfield>
    <subfield code="2">rdamedia</subfield>
  </datafield>
  <datafield tag="338" ind1=" " ind2=" ">
    <subfield code="a">audiocassette</subfield>
    <subfield code="b">ss</subfield>
    <subfield code="2">rdacarrier</subfield>
  </datafield>
  <datafield tag="351" ind1=" " ind2=" ">
    <subfield code="a">The collection is arranged alphabetically by state in the United States, and then by city, county, or region; then alphabetically by non-U.S. countries.</subfield>
  </datafield>
  <datafield tag="500" ind1=" " ind2=" ">
    <subfield code="a">In process.</subfield>
  </datafield>
  <datafield tag="520" ind1=" " ind2=" ">
    <subfield code="a">Audio recordings of American English dialects from the University of South Alabama, Doy Leale McCall Rare Book &amp; Manuscript Library&apos;s Dialect Tape Center collection created by Professor Joseph C. Mele, a former faculty member, between 1975-1980. The collection includes 280 audiocassettes of 30-minute dialect samples recorded by Dr. Mele from individuals in 31 states in the United States, particularly in the South, with more numerous recordings made in Alabama, Tennessee, North Carolina, Virginia, Louisiana, Arkansas, and Missouri. In addition, 42 recordings were made of English spoken by non-American people from 23 different countries in Asia, Europe, and Australia, as well as in Mexico, Panama, and in Nigeria. The birth year of each speaker is documented and ranges from the 1890s to 1950s. Samples generally consist of two parts: an impromptu monologue and a 44 sentence sequence highlighting each American English phoneme.</subfield>
  </datafield>
  <datafield tag="518" ind1=" " ind2=" ">
    <subfield code="a">Recording locations in the United States include: Alabama, Arkansas, Colorado, Connecticut, Florida; Savannah, Georgia; Chicago, Illinois; Indiana; Barkley, Kansas; Kentucky; Louisiana; Baltimore, Maryland; Massachusetts; Michigan; Minnesota; Mississippi; Missouri; Montana; New York; North Carolina; Ohio; Pennsylvania; Rhode Island; South Carolina; South Dakota; Tennessee; Texas; Virginia; Washington (State); West Virginia; and Wisconsin from 1975-1980.</subfield>
  </datafield>
  <datafield tag="518" ind1=" " ind2=" ">
    <subfield code="a">Approximately 42 recordings, with some countries represented by a single tape, were made of speakers of English from 23 nations including Australia, China, England, France, Germany, Haiti, Holland, India, Ireland, Italy, Japan, Mexico, Nigeria, Panama, Philippines, Puerto Rico, Romania, Scotland, South Vietnam, Sri Lanka, Spain, Sweden, and Yugoslavia from 1975-1980.</subfield>
  </datafield>
  <datafield tag="524" ind1=" " ind2=" ">
    <subfield code="a">Joseph C. Mele collection of dialect recordings from the University of South Alabama (AFC 2018/004), Archive of Folk Culture, American Folklife Center, Library of Congress, Washington, D.C.</subfield>
  </datafield>
  <datafield tag="506" ind1="1" ind2=" ">
    <subfield code="a">Collection is in process. Access to recordings may be restricted. To request materials, please contact the Folklife Reading Room at</subfield>
    <subfield code="u">http://hdl.loc.gov/loc.afc/folklife.contact</subfield>
  </datafield>
  <datafield tag="540" ind1=" " ind2=" ">
    <subfield code="a">Duplication of sound recordings may be governed by copyright and other restrictions.</subfield>
  </datafield>
  <datafield tag="541" ind1=" " ind2=" ">
    <subfield code="a">University of South Alabama, Doy Leale McCall Rare Book &amp; Manuscript Library;</subfield>
    <subfield code="c">Donation;</subfield>
    <subfield code="d">2017.</subfield>
  </datafield>
  <datafield tag="544" ind1=" " ind2=" ">
    <subfield code="n">Selections from this collection were acquired by the American Folklife Center in 1986 as part of the Center for Applied Linguistics collection (AFC 1986/022) and some are available online.</subfield>
  </datafield>
  <datafield tag="545" ind1=" " ind2=" ">
    <subfield code="a">Professor Joseph Charles Mele, professor of speech, speech pathology, audiology, and drama at the University of South Alabama. He was a graduate of Louisiana State University, and previously held positions at Louisiana State University, the University of Alabama, and the University of Louisiana-Lafayette.  Born in Hammond, Louisiana, he died January 12, 2018 in Mobile, Alabama, at the age of 85.</subfield>
  </datafield>
  <datafield tag="555" ind1=" " ind2=" ">
    <subfield code="a">The collection includes the original index to the recordings (17 pp.)</subfield>
  </datafield>
  <datafield tag="650" ind1=" " ind2="0">
    <subfield code="a">English language</subfield>
    <subfield code="x">Dialects</subfield>
    <subfield code="z">Southern States.</subfield>
  </datafield>
  <datafield tag="650" ind1=" " ind2="0">
    <subfield code="a">English language</subfield>
    <subfield code="x">Dialects</subfield>
    <subfield code="z">United States.</subfield>
  </datafield>
  <datafield tag="650" ind1=" " ind2="0">
    <subfield code="a">English language</subfield>
    <subfield code="x">Dialects</subfield>
    <subfield code="x">Research</subfield>
    <subfield code="z">United States.</subfield>
  </datafield>
  <datafield tag="650" ind1=" " ind2="0">
    <subfield code="a">English language</subfield>
    <subfield code="x">Dialects.</subfield>
  </datafield>
  <datafield tag="650" ind1=" " ind2="0">
    <subfield code="a">Language surveys</subfield>
    <subfield code="z">United States.</subfield>
  </datafield>
  <datafield tag="651" ind1=" " ind2="0">
    <subfield code="a">Mobile (Ala.)</subfield>
  </datafield>
  <datafield tag="655" ind1=" " ind2="7">
    <subfield code="a">Field recordings.</subfield>
    <subfield code="2">lcgft</subfield>
  </datafield>
  <datafield tag="655" ind1=" " ind2="7">
    <subfield code="a">Interviews (Sound recordings)</subfield>
    <subfield code="2">lcgft</subfield>
  </datafield>
  <datafield tag="655" ind1=" " ind2="0">
    <subfield code="a">Language surveys.</subfield>
  </datafield>
  <datafield tag="700" ind1="1" ind2=" ">
    <subfield code="a">Mele, Joseph C.,</subfield>
    <subfield code="e">collector,</subfield>
    <subfield code="e">interviewer.</subfield>
  </datafield>
  <datafield tag="710" ind1="2" ind2=" ">
    <subfield code="a">University of South Alabama.</subfield>
  </datafield>
  <datafield tag="852" ind1=" " ind2=" ">
    <subfield code="a">Library of Congress</subfield>
    <subfield code="b">Archive of Folk Culture, American Folklife Center,</subfield>
    <subfield code="e">101 Independence Ave. S.E., Washington, DC USA 20540-4610</subfield>
    <subfield code="u">http://hdl.loc.gov/loc.afc/folklife.home</subfield>
  </datafield>
  <datafield tag="923" ind1=" " ind2=" ">
    <subfield code="a">Gift</subfield>
    <subfield code="d">20180108</subfield>
    <subfield code="n">338322</subfield>
    <subfield code="s">University of South Alabama, Doy Leale McCall Rare Book &amp; Manuscript Library</subfield>
  </datafield>
  <datafield tag="985" ind1=" " ind2=" ">
    <subfield code="a">afc/coll</subfield>
  </datafield>
</record>