
<record>
  <leader>02255cam a2200433 i 4500</leader>
  <controlfield tag="001">20290186</controlfield>
  <controlfield tag="005">20200102103633.0</controlfield>
  <controlfield tag="008">180119s2015    ii       bw   000 0 kano </controlfield>
  <datafield tag="906" ind1=" " ind2=" ">
    <subfield code="a">7</subfield>
    <subfield code="b">cbc</subfield>
    <subfield code="c">origode</subfield>
    <subfield code="d">2</subfield>
    <subfield code="e">ncip</subfield>
    <subfield code="f">20</subfield>
    <subfield code="g">y-gencatlg</subfield>
  </datafield>
  <datafield tag="925" ind1="0" ind2=" ">
    <subfield code="a">acquire</subfield>
    <subfield code="b">1 shelf copy</subfield>
    <subfield code="x">policy default</subfield>
  </datafield>
  <datafield tag="955" ind1=" " ind2=" ">
    <subfield code="b">wd46 2018-01-19 2 volumes to Selcom</subfield>
    <subfield code="c">wd46 2019-02-13 to LAW</subfield>
    <subfield code="d">xg14 2020-01-02 to LL</subfield>
  </datafield>
  <datafield tag="010" ind1=" " ind2=" ">
    <subfield code="a">  2017330096</subfield>
  </datafield>
  <datafield tag="020" ind1=" " ind2=" ">
    <subfield code="a">9788192627298</subfield>
  </datafield>
  <datafield tag="025" ind1=" " ind2=" ">
    <subfield code="a">I-Kan-2017330096; 22-92</subfield>
  </datafield>
  <datafield tag="037" ind1=" " ind2=" ">
    <subfield code="b">Library of Congress -- New Delhi Overseas Office</subfield>
  </datafield>
  <datafield tag="040" ind1=" " ind2=" ">
    <subfield code="a">DLC</subfield>
    <subfield code="b">eng</subfield>
    <subfield code="e">rda</subfield>
    <subfield code="c">DLC</subfield>
    <subfield code="d">DLC</subfield>
  </datafield>
  <datafield tag="041" ind1="1" ind2=" ">
    <subfield code="a">kan</subfield>
    <subfield code="h">eng</subfield>
  </datafield>
  <datafield tag="042" ind1=" " ind2=" ">
    <subfield code="a">lcode</subfield>
    <subfield code="a">pcc</subfield>
  </datafield>
  <datafield tag="043" ind1=" " ind2=" ">
    <subfield code="a">a-ii---</subfield>
  </datafield>
  <datafield tag="050" ind1="0" ind2="0">
    <subfield code="a">KNS2542.K75</subfield>
    <subfield code="b">K77 2015</subfield>
  </datafield>
  <datafield tag="245" ind1="0" ind2="0">
    <subfield code="a">Kr̥ṣṇa nadi jala vivādagaḷa nyāyādhikaraṇada varadi /</subfield>
    <subfield code="c">sampādakaru, Saubhāgya = Krishna nadi jala vivadagala nyayaadhikaranada varadi / edited by Smt. Soubhagya.</subfield>
  </datafield>
  <datafield tag="246" ind1="3" ind2="1">
    <subfield code="a">Krishna nadi jala vivadagala nyayaadhikaranada varadi</subfield>
  </datafield>
  <datafield tag="264" ind1=" " ind2="1">
    <subfield code="a">Beṅgaḷūru :</subfield>
    <subfield code="b">Kuveṃpu Bhāṣā Bhārati Prādhikāra,</subfield>
    <subfield code="c">2015.</subfield>
  </datafield>
  <datafield tag="300" ind1=" " ind2=" ">
    <subfield code="a">2 volumes ;</subfield>
    <subfield code="c">25 cm.</subfield>
  </datafield>
  <datafield tag="336" ind1=" " ind2=" ">
    <subfield code="a">text</subfield>
    <subfield code="b">txt</subfield>
    <subfield code="2">rdacontent</subfield>
  </datafield>
  <datafield tag="337" ind1=" " ind2=" ">
    <subfield code="a">unmediated</subfield>
    <subfield code="b">n</subfield>
    <subfield code="2">rdamedia</subfield>
  </datafield>
  <datafield tag="338" ind1=" " ind2=" ">
    <subfield code="a">volume</subfield>
    <subfield code="b">nc</subfield>
    <subfield code="2">rdacarrier</subfield>
  </datafield>
  <datafield tag="490" ind1="0" ind2=" ">
    <subfield code="a">Kuveṃpu Bhāṣā Bhārati Prādhikārada prakaṭaṇe ;</subfield>
    <subfield code="v">198</subfield>
  </datafield>
  <datafield tag="490" ind1="0" ind2=" ">
    <subfield code="a">Vicāra sāhityamāle ;</subfield>
    <subfield code="v">97</subfield>
  </datafield>
  <datafield tag="504" ind1=" " ind2=" ">
    <subfield code="a">Includes bibliographical references.</subfield>
  </datafield>
  <datafield tag="505" ind1="0" ind2=" ">
    <subfield code="a">Sampuṭa 1. Kr̥ṣṇa nadi jala vivādagaḷa nyāyādhikaraṇada varadi / anuvādakaru, Śrīmati Gītā Kr̥ṣṇamūrti, Śrīmati Śobhā Em. Kaṭṭi, Ḍā. Jyōti Śaśikumār -- sampuṭa 2. Kr̥ṣṇa nadi jala vivādagaḷa nyāyādhikaraṇada tīrpu / anuvādakaru, Śrī. Veṅkaṭarāmayya, Śrī. Dāmōdara Hec. Pi. Śrī. Es. Ār. Gautam.</subfield>
  </datafield>
  <datafield tag="520" ind1=" " ind2=" ">
    <subfield code="a">Krishna Water Dispute Tribunal report; controversial interstates water issue.</subfield>
  </datafield>
  <datafield tag="546" ind1=" " ind2=" ">
    <subfield code="a">In Kannada; translated from English.</subfield>
  </datafield>
  <datafield tag="651" ind1=" " ind2="0">
    <subfield code="a">Krishna River (India)</subfield>
    <subfield code="x">Water rights</subfield>
    <subfield code="v">Cases.</subfield>
  </datafield>
  <datafield tag="650" ind1=" " ind2="0">
    <subfield code="a">Watershed management</subfield>
    <subfield code="z">India</subfield>
    <subfield code="z">Krishna River Region</subfield>
    <subfield code="v">Cases.</subfield>
  </datafield>
  <datafield tag="650" ind1=" " ind2="0">
    <subfield code="a">Water rights</subfield>
    <subfield code="z">India</subfield>
    <subfield code="x">States</subfield>
    <subfield code="v">Cases.</subfield>
  </datafield>
  <datafield tag="700" ind1="0" ind2=" ">
    <subfield code="a">Saubhāgya,</subfield>
    <subfield code="e">editor.</subfield>
  </datafield>
  <datafield tag="710" ind1="2" ind2=" ">
    <subfield code="a">Kuveṃpu Bhāṣā Bhārati Prādhikāra (Bangalore, India),</subfield>
    <subfield code="e">publisher.</subfield>
  </datafield>
  <datafield tag="985" ind1=" " ind2=" ">
    <subfield code="e">ODE-nd</subfield>
  </datafield>
</record>