
<record>
  <leader>02565cam a2200361 i 4500</leader>
  <controlfield tag="001">20304280</controlfield>
  <controlfield tag="005">20200102115230.0</controlfield>
  <controlfield tag="008">180123s2018    enk      b    001 0 eng  </controlfield>
  <datafield tag="906" ind1=" " ind2=" ">
    <subfield code="a">7</subfield>
    <subfield code="b">cbc</subfield>
    <subfield code="c">orignew</subfield>
    <subfield code="d">1</subfield>
    <subfield code="e">ecip</subfield>
    <subfield code="f">20</subfield>
    <subfield code="g">y-gencatlg</subfield>
  </datafield>
  <datafield tag="925" ind1="0" ind2=" ">
    <subfield code="a">acquire</subfield>
    <subfield code="b">1 shelf copy</subfield>
    <subfield code="x">policy default</subfield>
  </datafield>
  <datafield tag="955" ind1=" " ind2=" ">
    <subfield code="b">rk10 2018-01-24</subfield>
    <subfield code="c">rk10 2018-01-24 (telework) to subject</subfield>
    <subfield code="d">vl31 2018-07-03 telework to Dewey</subfield>
    <subfield code="w">xm07 2018-07-03</subfield>
    <subfield code="f">vl34 2019-07-24 MCIP Ver to Music Division</subfield>
  </datafield>
  <datafield tag="010" ind1=" " ind2=" ">
    <subfield code="a">  2018001810</subfield>
  </datafield>
  <datafield tag="020" ind1=" " ind2=" ">
    <subfield code="a">9781350001473</subfield>
    <subfield code="q">hardcover</subfield>
  </datafield>
  <datafield tag="020" ind1=" " ind2=" ">
    <subfield code="a">9781350001480</subfield>
    <subfield code="q">paperback</subfield>
  </datafield>
  <datafield tag="020" ind1=" " ind2=" ">
    <subfield code="z">9781350003712</subfield>
    <subfield code="q">electronic book</subfield>
  </datafield>
  <datafield tag="020" ind1=" " ind2=" ">
    <subfield code="z">9781350001497</subfield>
    <subfield code="q">electronic book</subfield>
  </datafield>
  <datafield tag="040" ind1=" " ind2=" ">
    <subfield code="a">DLC</subfield>
    <subfield code="b">eng</subfield>
    <subfield code="c">DLC</subfield>
    <subfield code="e">rda</subfield>
    <subfield code="d">DLC</subfield>
  </datafield>
  <datafield tag="042" ind1=" " ind2=" ">
    <subfield code="a">pcc</subfield>
  </datafield>
  <datafield tag="050" ind1="0" ind2="0">
    <subfield code="a">ML3921.8.P67</subfield>
    <subfield code="b">R4 2018</subfield>
  </datafield>
  <datafield tag="082" ind1="0" ind2="0">
    <subfield code="a">781.64/112</subfield>
    <subfield code="2">23</subfield>
  </datafield>
  <datafield tag="245" ind1="0" ind2="0">
    <subfield code="a">Religion and popular music :</subfield>
    <subfield code="b">artists, fans, and cultures /</subfield>
    <subfield code="c">edited by Andreas Häger.</subfield>
  </datafield>
  <datafield tag="264" ind1=" " ind2="1">
    <subfield code="a">London, UK ;</subfield>
    <subfield code="a">New York, NY :</subfield>
    <subfield code="b">Bloomsbury Academic,</subfield>
    <subfield code="c">2018.</subfield>
  </datafield>
  <datafield tag="264" ind1=" " ind2="4">
    <subfield code="c">©2018</subfield>
  </datafield>
  <datafield tag="300" ind1=" " ind2=" ">
    <subfield code="a">vi, 263 pages ;</subfield>
    <subfield code="c">24 cm.</subfield>
  </datafield>
  <datafield tag="336" ind1=" " ind2=" ">
    <subfield code="a">text</subfield>
    <subfield code="b">txt</subfield>
    <subfield code="2">rdacontent</subfield>
  </datafield>
  <datafield tag="337" ind1=" " ind2=" ">
    <subfield code="a">unmediated</subfield>
    <subfield code="b">n</subfield>
    <subfield code="2">rdamedia</subfield>
  </datafield>
  <datafield tag="338" ind1=" " ind2=" ">
    <subfield code="a">volume</subfield>
    <subfield code="b">nc</subfield>
    <subfield code="2">rdacarrier</subfield>
  </datafield>
  <datafield tag="490" ind1="1" ind2=" ">
    <subfield code="a">Bloomsbury studies in religion and popular music</subfield>
  </datafield>
  <datafield tag="504" ind1=" " ind2=" ">
    <subfield code="a">Includes bibliographical references and index.</subfield>
  </datafield>
  <datafield tag="505" ind1="0" ind2=" ">
    <subfield code="a">Artists. Metaphors and symbols in popular music as exemplified in Katy Perry&apos;s music and music videos / Adrian-Mario Gellel ; CeCe Winans, Black gospel music, and the ambivalence of stardom / Angela M. Nelson ; Judas Priest and the fury of metal redemption / Brian Froese ; The art of darkness ; on biblical language in Ozzy Osbourne&apos;s solo albums, 1980-2010 / Michael J. Gilmour -- Fans. Consecrating an Extraordinary being : fan culture among Gilda&apos;s followers in Argentina / Eloâisa Martâin ; God is in the house : Nick Cave, religion, and Serbian fandom / Sabina Hadézibuliâc ; I&apos;m your Messiah and you&apos;re the reason why : para-religiosity in the fandom around Prince / Carla Schriever -- Cultures. My pravoslavnye : Russkii rok, orthodoxy, and nationalism in post-Soviet Russia / David-Emil Wickstrèom ; &quot;Can I take my dog with me to Heaven?&quot; Swedish country music and religion / Thomas Bossius ; Punk and religion in Indonesia / Jim Donaghey ; Dylan goes to church : the use of Bob Dylan&apos;s music in Protestant churches / Andreas Hèager ; Theater in search of a storyline : the DJ as &quot;technoshaman&quot; in the digital age of EDM / Melanie Takahashi.</subfield>
  </datafield>
  <datafield tag="650" ind1=" " ind2="0">
    <subfield code="a">Popular music</subfield>
    <subfield code="x">Religious aspects.</subfield>
  </datafield>
  <datafield tag="700" ind1="1" ind2=" ">
    <subfield code="a">Häger, Andreas,</subfield>
    <subfield code="e">editor.</subfield>
  </datafield>
  <datafield tag="830" ind1=" " ind2="0">
    <subfield code="a">Bloomsbury studies in religion and popular music.</subfield>
  </datafield>
</record>