
<record>
  <leader>03090cam a2200445 i 4500</leader>
  <controlfield tag="001">20317499</controlfield>
  <controlfield tag="005">20200102115137.0</controlfield>
  <controlfield tag="008">180130s2018    ctua   e b    001 0 eng d</controlfield>
  <datafield tag="906" ind1=" " ind2=" ">
    <subfield code="a">7</subfield>
    <subfield code="b">cbc</subfield>
    <subfield code="c">copycat</subfield>
    <subfield code="d">2</subfield>
    <subfield code="e">ncip</subfield>
    <subfield code="f">20</subfield>
    <subfield code="g">y-gencatlg</subfield>
  </datafield>
  <datafield tag="925" ind1="0" ind2=" ">
    <subfield code="a">acquire</subfield>
    <subfield code="b">1 shelf copy</subfield>
    <subfield code="x">policy default</subfield>
  </datafield>
  <datafield tag="955" ind1=" " ind2=" ">
    <subfield code="b">rm08 2019-07-26 z-processor</subfield>
    <subfield code="a">pc24 2018-01-30</subfield>
    <subfield code="a">xn11 2019-04-25 1 copy rec&apos;d., to USASH</subfield>
    <subfield code="i">rm06 2019-08-02 to Dewey</subfield>
    <subfield code="w">xm07  2019-11-18</subfield>
  </datafield>
  <datafield tag="010" ind1=" " ind2=" ">
    <subfield code="a">  2018933273</subfield>
  </datafield>
  <datafield tag="020" ind1=" " ind2=" ">
    <subfield code="a">0300225679</subfield>
    <subfield code="q">(hardcover)</subfield>
  </datafield>
  <datafield tag="020" ind1=" " ind2=" ">
    <subfield code="a">9780300225679</subfield>
    <subfield code="q">(hardcover)</subfield>
  </datafield>
  <datafield tag="035" ind1=" " ind2=" ">
    <subfield code="a">(OCoLC)on1029887269</subfield>
  </datafield>
  <datafield tag="040" ind1=" " ind2=" ">
    <subfield code="a">YDX</subfield>
    <subfield code="b">eng</subfield>
    <subfield code="c">YDX</subfield>
    <subfield code="e">rda</subfield>
    <subfield code="d">YDXIT</subfield>
    <subfield code="d">OCLCF</subfield>
    <subfield code="d">YUS</subfield>
    <subfield code="d">OUP</subfield>
    <subfield code="d">VP@</subfield>
    <subfield code="d">TXSME</subfield>
    <subfield code="d">GP5</subfield>
    <subfield code="d">GYG</subfield>
    <subfield code="d">XII</subfield>
    <subfield code="d">UKMGB</subfield>
    <subfield code="d">DLC</subfield>
  </datafield>
  <datafield tag="042" ind1=" " ind2=" ">
    <subfield code="a">lccopycat</subfield>
  </datafield>
  <datafield tag="050" ind1="0" ind2="0">
    <subfield code="a">BF317</subfield>
    <subfield code="b">.F37 2018</subfield>
  </datafield>
  <datafield tag="082" ind1="0" ind2="0">
    <subfield code="a">302.2</subfield>
    <subfield code="2">23</subfield>
  </datafield>
  <datafield tag="100" ind1="1" ind2=" ">
    <subfield code="a">Farman, Jason,</subfield>
    <subfield code="e">author.</subfield>
  </datafield>
  <datafield tag="245" ind1="1" ind2="0">
    <subfield code="a">Delayed response :</subfield>
    <subfield code="b">the art of waiting from the ancient to the instant world /</subfield>
    <subfield code="c">Jason Farman.</subfield>
  </datafield>
  <datafield tag="246" ind1="3" ind2="0">
    <subfield code="a">Art of waiting from the ancient to the instant world</subfield>
  </datafield>
  <datafield tag="264" ind1=" " ind2="1">
    <subfield code="a">New Haven :</subfield>
    <subfield code="b">Yale University Press,</subfield>
    <subfield code="c">[2018]</subfield>
  </datafield>
  <datafield tag="300" ind1=" " ind2=" ">
    <subfield code="a">217 pages :</subfield>
    <subfield code="b">illustrations ;</subfield>
    <subfield code="c">22 cm</subfield>
  </datafield>
  <datafield tag="336" ind1=" " ind2=" ">
    <subfield code="a">text</subfield>
    <subfield code="b">txt</subfield>
    <subfield code="2">rdacontent</subfield>
  </datafield>
  <datafield tag="337" ind1=" " ind2=" ">
    <subfield code="a">unmediated</subfield>
    <subfield code="b">n</subfield>
    <subfield code="2">rdamedia</subfield>
  </datafield>
  <datafield tag="338" ind1=" " ind2=" ">
    <subfield code="a">volume</subfield>
    <subfield code="b">nc</subfield>
    <subfield code="2">rdacarrier</subfield>
  </datafield>
  <datafield tag="386" ind1=" " ind2=" ">
    <subfield code="m">Gender group:</subfield>
    <subfield code="n">gdr</subfield>
    <subfield code="a">Men</subfield>
    <subfield code="2">lcdgt</subfield>
  </datafield>
  <datafield tag="386" ind1=" " ind2=" ">
    <subfield code="m">Occupational/field of activity group:</subfield>
    <subfield code="n">occ</subfield>
    <subfield code="a">Scholars</subfield>
    <subfield code="2">lcdgt</subfield>
  </datafield>
  <datafield tag="386" ind1=" " ind2=" ">
    <subfield code="m">Occupational/field of activity group:</subfield>
    <subfield code="n">occ</subfield>
    <subfield code="a">University and college faculty members</subfield>
    <subfield code="2">lcdgt</subfield>
  </datafield>
  <datafield tag="504" ind1=" " ind2=" ">
    <subfield code="a">Includes bibliographical references (pages 197-208) and index.</subfield>
  </datafield>
  <datafield tag="505" ind1="0" ind2="0">
    <subfield code="t">Waiting for word --</subfield>
    <subfield code="t">Instant messages and pneumatic tubes --</subfield>
    <subfield code="t">Spinning in place --</subfield>
    <subfield code="t">Space signals --</subfield>
    <subfield code="t">A delayed crossing --</subfield>
    <subfield code="t">Marks of uncertainty --</subfield>
    <subfield code="t">First messages --</subfield>
    <subfield code="t">Tactics for waiting.</subfield>
  </datafield>
  <datafield tag="520" ind1="8" ind2=" ">
    <subfield code="a">We have always been conscious of the wait for life-changing messages, whether it be the time it takes to receive a text message from your love, for a soldier&apos;s family to learn news from the front, or for a space probe to deliver data from the far reaches of the solar system. In this book in praise of wait times, award-winning author Jason Farman passionately argues that the delay between call and answer has always been an important part of the message. Traveling backward from our current era of Twitter and texts, Farman shows how societies have worked to eliminate waiting in communication and how they have interpreted those times&apos; meanings. Exploring seven eras and objects of waiting--including pneumatic mail tubes in New York, Elizabethan wax seals, and Aboriginal Australian message sticks--Farman offers a new mindset for waiting. In a rebuttal to the demand for instant communication, Farman makes a powerful case for why good things can come to those who wait.</subfield>
  </datafield>
  <datafield tag="650" ind1=" " ind2="0">
    <subfield code="a">Waiting (Philosophy)</subfield>
  </datafield>
  <datafield tag="650" ind1=" " ind2="0">
    <subfield code="a">Communication</subfield>
    <subfield code="x">History.</subfield>
  </datafield>
  <datafield tag="650" ind1=" " ind2="0">
    <subfield code="a">Communication</subfield>
    <subfield code="x">Social aspects.</subfield>
  </datafield>
  <datafield tag="650" ind1=" " ind2="0">
    <subfield code="a">Reaction time.</subfield>
  </datafield>
  <datafield tag="650" ind1=" " ind2="7">
    <subfield code="a">Reaction time.</subfield>
    <subfield code="2">fast</subfield>
    <subfield code="0">(OCoLC)fst01090509</subfield>
  </datafield>
  <datafield tag="650" ind1=" " ind2="7">
    <subfield code="a">Waiting (Philosophy)</subfield>
    <subfield code="2">fast</subfield>
    <subfield code="0">(OCoLC)fst01169945</subfield>
  </datafield>
  <datafield tag="776" ind1="0" ind2="8">
    <subfield code="i">Online version:</subfield>
    <subfield code="a">Farman, Jason.</subfield>
    <subfield code="t">Delayed response.</subfield>
    <subfield code="d">New Haven : Yale University Press, [2018]</subfield>
    <subfield code="z">9780300240726</subfield>
    <subfield code="w">(OCoLC)1059577293</subfield>
  </datafield>
</record>