
<record>
  <leader>02990cam a2200397 i 4500</leader>
  <controlfield tag="001">20324808</controlfield>
  <controlfield tag="005">20200102110519.0</controlfield>
  <controlfield tag="008">180131s2017    ai a     b    000 0 rus  </controlfield>
  <datafield tag="906" ind1=" " ind2=" ">
    <subfield code="a">0</subfield>
    <subfield code="b">ibc</subfield>
    <subfield code="c">orignew</subfield>
    <subfield code="d">2</subfield>
    <subfield code="e">ncip</subfield>
    <subfield code="f">20</subfield>
    <subfield code="g">y-gencatlg</subfield>
  </datafield>
  <datafield tag="925" ind1="0" ind2=" ">
    <subfield code="a">Acquire</subfield>
    <subfield code="b">1 shelf copy</subfield>
    <subfield code="x">policy default</subfield>
  </datafield>
  <datafield tag="955" ind1=" " ind2=" ">
    <subfield code="b">cd16 2018-01-31</subfield>
    <subfield code="a">cd24 2019-12-27</subfield>
    <subfield code="i">cd24 2019-12-27</subfield>
  </datafield>
  <datafield tag="010" ind1=" " ind2=" ">
    <subfield code="a">  2017490714</subfield>
  </datafield>
  <datafield tag="020" ind1=" " ind2=" ">
    <subfield code="a">9789939024257</subfield>
  </datafield>
  <datafield tag="040" ind1=" " ind2=" ">
    <subfield code="a">DLC</subfield>
    <subfield code="b">eng</subfield>
    <subfield code="c">DLC</subfield>
    <subfield code="e">rda</subfield>
  </datafield>
  <datafield tag="041" ind1="0" ind2=" ">
    <subfield code="a">rus</subfield>
    <subfield code="b">fre</subfield>
    <subfield code="b">arm</subfield>
  </datafield>
  <datafield tag="042" ind1=" " ind2=" ">
    <subfield code="a">pcc</subfield>
  </datafield>
  <datafield tag="050" ind1="0" ind2="0">
    <subfield code="a">N7615.A75</subfield>
    <subfield code="b">.H6854 2017</subfield>
  </datafield>
  <datafield tag="100" ind1="1" ind2=" ">
    <subfield code="a">Khachʻatryan-Pʻoladyan, N.</subfield>
    <subfield code="q">(Nelli Alekʻsandri),</subfield>
    <subfield code="e">author.</subfield>
  </datafield>
  <datafield tag="245" ind1="1" ind2="0">
    <subfield code="6">880-01</subfield>
    <subfield code="a">Akop Ovnatani︠a︡n i stanovlenie armi︠a︡nskogo iskusstva novogo vremeni :</subfield>
    <subfield code="b">problematika rannikh stadiĭ zhivopisnogo portreta /</subfield>
    <subfield code="c">Nelli Khachatri︠a︡n-Paladi︠a︡n = Hakob Hovnatʻanyaně ev nor shrjani hay arvesti dzevavorumě : geghankarchʻakan dimankari vagh pʻuleri khndirner / Nelli Alekʻsandri Khachʻatryan-Pʻoladyan = Hacob Hovnatanian et le devenir de l&apos;art arménien des temps nouveaux : l&apos;ensemble des problèmes des premières phases du portrait pictural / Nelly Khachatryan-Paladian.</subfield>
  </datafield>
  <datafield tag="880" ind1="1" ind2="0">
    <subfield code="6">245-01</subfield>
    <subfield code="a">Акоп Овнатанян и становление армянского искусства нового времени :</subfield>
    <subfield code="b">проблематика ранних стадий живописного портрета /</subfield>
    <subfield code="c">Нелли Хачатрян-Паладян = Հակոբ Հովնաթանյանը եվ նոր շրջանի հայ արվեստի ձեվավորումը : գեղանկարչական դիմանկարի վաղ փուլերի խնդիրներ / Նելլի Ալեքսանդրի Խաչատրյան-Փոլադյան = Hacob Hovnatanian et le devenir de l&apos;art arménien des temps nouveaux : l&apos;ensemble des problèmes des premières phases du portrait pictural / Nelly Khachatryan-Paladian.</subfield>
  </datafield>
  <datafield tag="246" ind1="3" ind2="1">
    <subfield code="6">880-02</subfield>
    <subfield code="a">Hakob Hovnatʻanyaně ev nor shrjani hay arvesti dzevavorumě :</subfield>
    <subfield code="b">geghankarchʻakan dimankari vagh pʻuleri khndirner</subfield>
  </datafield>
  <datafield tag="880" ind1="3" ind2="1">
    <subfield code="6">246-02</subfield>
    <subfield code="a">Հակոբ Հովնաթանյանը եվ նոր շրջանի հայ արվեստի ձեվավորումը :</subfield>
    <subfield code="b">գեղանկարչական դիմանկարի վաղ փուլերի խնդիրներ</subfield>
  </datafield>
  <datafield tag="246" ind1="3" ind2="1">
    <subfield code="a">Hacob Hovnatanian et le devenir de l&apos;art arménien des temps nouveaux :</subfield>
    <subfield code="b">l&apos;ensemble des problèmes des premières phases du portrait pictural</subfield>
  </datafield>
  <datafield tag="264" ind1=" " ind2="1">
    <subfield code="6">880-03</subfield>
    <subfield code="a">Erevan :</subfield>
    <subfield code="b">Antares,</subfield>
    <subfield code="c">[2017]</subfield>
  </datafield>
  <datafield tag="880" ind1=" " ind2="1">
    <subfield code="6">264-03</subfield>
    <subfield code="a">Ереван :</subfield>
    <subfield code="b">Antares,</subfield>
    <subfield code="c">[2017]</subfield>
  </datafield>
  <datafield tag="300" ind1=" " ind2=" ">
    <subfield code="a">255 pages :</subfield>
    <subfield code="b">color illustrations ;</subfield>
    <subfield code="c">24 cm</subfield>
  </datafield>
  <datafield tag="336" ind1=" " ind2=" ">
    <subfield code="a">text</subfield>
    <subfield code="2">rdacontent</subfield>
  </datafield>
  <datafield tag="337" ind1=" " ind2=" ">
    <subfield code="a">unmediated</subfield>
    <subfield code="2">rdamedia</subfield>
  </datafield>
  <datafield tag="338" ind1=" " ind2=" ">
    <subfield code="a">volume</subfield>
    <subfield code="2">rdacarrier</subfield>
  </datafield>
  <datafield tag="500" ind1=" " ind2=" ">
    <subfield code="a">Parallel titles from colophon.</subfield>
  </datafield>
  <datafield tag="546" ind1=" " ind2=" ">
    <subfield code="a">In Russian; with summaries in French and Armenian.</subfield>
  </datafield>
  <datafield tag="504" ind1=" " ind2=" ">
    <subfield code="a">Includes bibliographical references (pages 227-255).</subfield>
  </datafield>
  <datafield tag="600" ind1="1" ind2="0">
    <subfield code="a">Hovnatʻanyan, Hakob,</subfield>
    <subfield code="d">1806-1881.</subfield>
  </datafield>
  <datafield tag="650" ind1=" " ind2="0">
    <subfield code="a">Portraits</subfield>
    <subfield code="z">Georgia (Republic)</subfield>
  </datafield>
  <datafield tag="650" ind1=" " ind2="0">
    <subfield code="a">Portraits</subfield>
    <subfield code="z">Armenia.</subfield>
  </datafield>
  <datafield tag="923" ind1=" " ind2=" ">
    <subfield code="d">2017-11-12</subfield>
    <subfield code="n">2017613</subfield>
    <subfield code="s">ATC Books</subfield>
  </datafield>
</record>