
<record>
  <leader>03560cam a22004695i 4500</leader>
  <controlfield tag="001">20377960</controlfield>
  <controlfield tag="005">20200102152307.0</controlfield>
  <controlfield tag="008">180226t20182018wiu           000 edeng d</controlfield>
  <datafield tag="906" ind1=" " ind2=" ">
    <subfield code="a">0</subfield>
    <subfield code="b">ibc</subfield>
    <subfield code="c">copycat</subfield>
    <subfield code="d">2</subfield>
    <subfield code="e">ncip</subfield>
    <subfield code="f">20</subfield>
    <subfield code="g">y-gencatlg</subfield>
  </datafield>
  <datafield tag="925" ind1="0" ind2=" ">
    <subfield code="a">acquire</subfield>
    <subfield code="b">1 shelf copy</subfield>
    <subfield code="x">policy default</subfield>
  </datafield>
  <datafield tag="955" ind1=" " ind2=" ">
    <subfield code="a">pc27 2018-02-26</subfield>
    <subfield code="a">xn11 2019-06-29 1 copy rec&apos;d., to USASH</subfield>
    <subfield code="b">xk25 2019-07-02 z-processor</subfield>
  </datafield>
  <datafield tag="010" ind1=" " ind2=" ">
    <subfield code="a">  2018936032</subfield>
  </datafield>
  <datafield tag="020" ind1=" " ind2=" ">
    <subfield code="a">9781595986078</subfield>
    <subfield code="q">(paperback)</subfield>
  </datafield>
  <datafield tag="020" ind1=" " ind2=" ">
    <subfield code="a">1595986073</subfield>
    <subfield code="q">(paperback)</subfield>
  </datafield>
  <datafield tag="020" ind1=" " ind2=" ">
    <subfield code="z">97815959586085</subfield>
    <subfield code="q">e-ISBN</subfield>
  </datafield>
  <datafield tag="035" ind1=" " ind2=" ">
    <subfield code="a">(OCoLC)on1051459064</subfield>
  </datafield>
  <datafield tag="040" ind1=" " ind2=" ">
    <subfield code="a">WIM</subfield>
    <subfield code="b">eng</subfield>
    <subfield code="c">WIM</subfield>
    <subfield code="e">rda</subfield>
    <subfield code="d">OCLCF</subfield>
    <subfield code="d">DLC</subfield>
  </datafield>
  <datafield tag="042" ind1=" " ind2=" ">
    <subfield code="a">lccopycat</subfield>
  </datafield>
  <datafield tag="082" ind1="0" ind2="4">
    <subfield code="a">814.6</subfield>
    <subfield code="2">23</subfield>
  </datafield>
  <datafield tag="100" ind1="1" ind2=" ">
    <subfield code="a">Laundrie, Amy C.,</subfield>
    <subfield code="e">author.</subfield>
  </datafield>
  <datafield tag="245" ind1="1" ind2="0">
    <subfield code="a">Laugh, cry, reflect :</subfield>
    <subfield code="b">stories from a joyful heart  /</subfield>
    <subfield code="c">Amy Laundrie.</subfield>
  </datafield>
  <datafield tag="246" ind1="3" ind2="0">
    <subfield code="a">Stories from a joyful heart</subfield>
  </datafield>
  <datafield tag="264" ind1=" " ind2="1">
    <subfield code="a">Milwaukee, Wisconsin :</subfield>
    <subfield code="b">HenschelHAUS Publishing, Inc.,</subfield>
    <subfield code="c">[2018]</subfield>
  </datafield>
  <datafield tag="264" ind1=" " ind2="4">
    <subfield code="c">©2018</subfield>
  </datafield>
  <datafield tag="300" ind1=" " ind2=" ">
    <subfield code="a">iii, 145 pages :</subfield>
    <subfield code="b">color illustrations ;</subfield>
    <subfield code="c">22 cm</subfield>
  </datafield>
  <datafield tag="336" ind1=" " ind2=" ">
    <subfield code="a">text</subfield>
    <subfield code="b">txt</subfield>
    <subfield code="2">rdacontent</subfield>
  </datafield>
  <datafield tag="336" ind1=" " ind2=" ">
    <subfield code="a">still image</subfield>
    <subfield code="b">sti</subfield>
    <subfield code="2">rdacontent</subfield>
  </datafield>
  <datafield tag="337" ind1=" " ind2=" ">
    <subfield code="a">unmediated</subfield>
    <subfield code="b">n</subfield>
    <subfield code="2">rdamedia</subfield>
  </datafield>
  <datafield tag="338" ind1=" " ind2=" ">
    <subfield code="a">volume</subfield>
    <subfield code="b">nc</subfield>
    <subfield code="2">rdacarrier</subfield>
  </datafield>
  <datafield tag="520" ind1=" " ind2=" ">
    <subfield code="a">&quot;Laugh, cry, reflect is a collection of short yet powerful personal stories. Some will make you laugh -- like when you find out why the author&apos;s 12-year-old daughter requested a home pregnancy test. Other stories may tug at your heartstrings -- like when you learn what item was placed on a beloved relative&apos;s casket. Many of these poignant essays will prompt you to reflect on moments from your own life. All are offerings of hope, wonder, and joy.</subfield>
  </datafield>
  <datafield tag="505" ind1="0" ind2=" ">
    <subfield code="a">Up front and personal: Two peas on a board -- A simpler time in my Plymouth Valiant -- The peignoir set -- Swiftly flow the days -- My purse: mirror to the soul or where the heck are my car keys? -- Caught speeding? plan your creative excuse -- Links of love: The true tale of the ugliest quilt ever -- Drawing on the strength of mothers before me -- Stitching a life together -- She has my eyes -- Mother and daughter -- A time to mourn and a time to dance -- The best gift -- Hey, Teach!: What I&apos;ve learned -- My smelly reputation -- Back in the good ol&apos; days -- More lessons I&apos;ve learned -- Revelations: Homeless experience prompts understanding -- My secret to weight loss -- The magical little cabin in the woods -- Motherhood, the corporate world -- Mates&apos; preferences duel while love prevails -- People break stereotypes in surprising ways -- Duck tales: Protecting the ducklings -- Spreading their wings -- The cycle of life -- Hiss, growl, and flying fur -- Runners run no longer -- All I really need to know I learned from my ducks -- Musings: Moth lives on tears -- Silent rock -- Best laid plans -- The herons of my life -- The artist&apos;s spirit -- A dust rag rich with history -- Seasons: Fall, a beginning of delights -- Who needs turkey? -- Winter&apos;s simple pleasures -- Spring&apos;s promise -- Summer thrills -- Favorites: Growing wings -- Closet memories -- Dogs in heaven? -- A milestone birthday -- Only one life.</subfield>
  </datafield>
  <datafield tag="600" ind1="1" ind2="0">
    <subfield code="a">Laundrie, Amy C.</subfield>
  </datafield>
  <datafield tag="650" ind1=" " ind2="0">
    <subfield code="a">Authors, American</subfield>
    <subfield code="y">21st century</subfield>
    <subfield code="v">Biography.</subfield>
  </datafield>
  <datafield tag="650" ind1=" " ind2="0">
    <subfield code="a">American essays</subfield>
    <subfield code="y">21st century.</subfield>
  </datafield>
  <datafield tag="650" ind1=" " ind2="7">
    <subfield code="a">American essays.</subfield>
    <subfield code="2">fast</subfield>
    <subfield code="0">(OCoLC)fst00807040</subfield>
  </datafield>
  <datafield tag="650" ind1=" " ind2="7">
    <subfield code="a">Authors, American.</subfield>
    <subfield code="2">fast</subfield>
    <subfield code="0">(OCoLC)fst00821764</subfield>
  </datafield>
  <datafield tag="648" ind1=" " ind2="7">
    <subfield code="a">2000-2099</subfield>
    <subfield code="2">fast</subfield>
  </datafield>
  <datafield tag="655" ind1=" " ind2="7">
    <subfield code="a">Autobiographies.</subfield>
    <subfield code="2">fast</subfield>
    <subfield code="0">(OCoLC)fst01919894</subfield>
  </datafield>
  <datafield tag="655" ind1=" " ind2="7">
    <subfield code="a">Biography.</subfield>
    <subfield code="2">fast</subfield>
    <subfield code="0">(OCoLC)fst01423686</subfield>
  </datafield>
  <datafield tag="655" ind1=" " ind2="7">
    <subfield code="a">Essays.</subfield>
    <subfield code="2">fast</subfield>
    <subfield code="0">(OCoLC)fst01919922</subfield>
  </datafield>
  <datafield tag="655" ind1=" " ind2="7">
    <subfield code="a">Essays.</subfield>
    <subfield code="2">lcgft</subfield>
  </datafield>
  <datafield tag="655" ind1=" " ind2="7">
    <subfield code="a">Autobiographies.</subfield>
    <subfield code="2">lcgft</subfield>
  </datafield>
</record>