
<record>
  <leader>01805cam a2200397 i 4500</leader>
  <controlfield tag="001">20406063</controlfield>
  <controlfield tag="005">20200102083431.0</controlfield>
  <controlfield tag="008">180314m20189999moua          000 0 eng  </controlfield>
  <datafield tag="906" ind1=" " ind2=" ">
    <subfield code="a">7</subfield>
    <subfield code="b">cbc</subfield>
    <subfield code="c">orignew</subfield>
    <subfield code="d">2</subfield>
    <subfield code="e">epcn</subfield>
    <subfield code="f">20</subfield>
    <subfield code="g">y-gencatlg</subfield>
  </datafield>
  <datafield tag="925" ind1="0" ind2=" ">
    <subfield code="a">acquire</subfield>
    <subfield code="b">1 shelf copy</subfield>
    <subfield code="x">policy default</subfield>
  </datafield>
  <datafield tag="955" ind1=" " ind2=" ">
    <subfield code="a">pc12 2018-03-14</subfield>
    <subfield code="a">xn11 2019-11-20 1 copy rec&apos;d., to USPRLL</subfield>
    <subfield code="i">cm05 2019-12-10 Telework</subfield>
    <subfield code="u">cm05 2019-12-10 FF &amp; bib corrections; to BCCD</subfield>
  </datafield>
  <datafield tag="010" ind1=" " ind2=" ">
    <subfield code="a">  2018938000</subfield>
  </datafield>
  <datafield tag="020" ind1=" " ind2=" ">
    <subfield code="a">9781936135356</subfield>
    <subfield code="q">(paperback)</subfield>
  </datafield>
  <datafield tag="040" ind1=" " ind2=" ">
    <subfield code="a">DLC</subfield>
    <subfield code="b">eng</subfield>
    <subfield code="e">rda</subfield>
    <subfield code="c">DLC</subfield>
  </datafield>
  <datafield tag="041" ind1="1" ind2=" ">
    <subfield code="a">eng</subfield>
    <subfield code="a">san</subfield>
    <subfield code="h">san</subfield>
  </datafield>
  <datafield tag="042" ind1=" " ind2=" ">
    <subfield code="a">pcc</subfield>
  </datafield>
  <datafield tag="050" ind1="0" ind2="0">
    <subfield code="a">PK3798.R83</subfield>
    <subfield code="b">A2 2018</subfield>
  </datafield>
  <datafield tag="100" ind1="0" ind2=" ">
    <subfield code="a">Rūpagosvāmī,</subfield>
    <subfield code="d">active 16th century,</subfield>
    <subfield code="e">author.</subfield>
  </datafield>
  <datafield tag="245" ind1="1" ind2="0">
    <subfield code="a">Ujjvalasārasaṅgraha.</subfield>
    <subfield code="b">poems from Rupa Gosvamin&apos;s blazing sapphire : Ujjvala-Sara-Sangrahah  /</subfield>
    <subfield code="c">Rupa Gosvamin; selected, edited, translated, introduced, and annotated by Neal Delmonico and Elizabeth Delmonico.</subfield>
  </datafield>
  <datafield tag="246" ind1="1" ind2="3">
    <subfield code="a">Ujjvala-Sara-Sangrahah</subfield>
  </datafield>
  <datafield tag="246" ind1="3" ind2="0">
    <subfield code="a">Poems from Rupa Gosvamin&apos;s blazing sapphire</subfield>
  </datafield>
  <datafield tag="264" ind1=" " ind2="1">
    <subfield code="a">Kirksville, Missouri :</subfield>
    <subfield code="b">Blazing Sapphire Press,</subfield>
    <subfield code="c">2017-</subfield>
  </datafield>
  <datafield tag="300" ind1=" " ind2=" ">
    <subfield code="a">volumes :</subfield>
    <subfield code="b">color illustrations ;</subfield>
    <subfield code="c">22 cm</subfield>
  </datafield>
  <datafield tag="336" ind1=" " ind2=" ">
    <subfield code="a">text</subfield>
    <subfield code="b">txt</subfield>
    <subfield code="2">rdacontent</subfield>
  </datafield>
  <datafield tag="337" ind1=" " ind2=" ">
    <subfield code="a">unmediated</subfield>
    <subfield code="b">n</subfield>
    <subfield code="2">rdamedia</subfield>
  </datafield>
  <datafield tag="338" ind1=" " ind2=" ">
    <subfield code="a">volume</subfield>
    <subfield code="b">nc</subfield>
    <subfield code="2">rdacarrier</subfield>
  </datafield>
  <datafield tag="505" ind1="0" ind2=" ">
    <subfield code="a">volume 1. chapters 1-7</subfield>
  </datafield>
  <datafield tag="520" ind1=" " ind2=" ">
    <subfield code="a">Includes original Sanskrit poems (also reomanized) with annotations from major commentaries.</subfield>
  </datafield>
  <datafield tag="546" ind1=" " ind2=" ">
    <subfield code="a">English and Sanskrit</subfield>
    <subfield code="b">(Sanskrit in roman and Devanagari); intro. matter in English.</subfield>
  </datafield>
  <datafield tag="600" ind1="0" ind2="0">
    <subfield code="a">Krishna</subfield>
    <subfield code="c">(Hindu deity)</subfield>
    <subfield code="v">Poetry.</subfield>
  </datafield>
  <datafield tag="600" ind1="0" ind2="0">
    <subfield code="a">Radha</subfield>
    <subfield code="c">(Hindu deity)</subfield>
    <subfield code="v">Poetry.</subfield>
  </datafield>
  <datafield tag="650" ind1=" " ind2="0">
    <subfield code="a">Vaishnava poetry, Sanskrit.</subfield>
  </datafield>
  <datafield tag="650" ind1=" " ind2="0">
    <subfield code="a">Vaishnava poetry, Sanskrit</subfield>
    <subfield code="v">Translations into English.</subfield>
  </datafield>
  <datafield tag="650" ind1=" " ind2="0">
    <subfield code="a">Chaitanya (Sect)</subfield>
  </datafield>
  <datafield tag="700" ind1="1" ind2=" ">
    <subfield code="a">Delmonico, Neal,</subfield>
    <subfield code="e">translator.</subfield>
  </datafield>
  <datafield tag="700" ind1="1" ind2=" ">
    <subfield code="a">Delmonico, Elizabeth,</subfield>
    <subfield code="e">translator.</subfield>
  </datafield>
</record>