
<record>
  <leader>02785cam a22004338i 4500</leader>
  <controlfield tag="001">20418110</controlfield>
  <controlfield tag="005">20200102144324.0</controlfield>
  <controlfield tag="008">180326s2018    nyua     b    000 0 eng  </controlfield>
  <datafield tag="906" ind1=" " ind2=" ">
    <subfield code="a">7</subfield>
    <subfield code="b">cbc</subfield>
    <subfield code="c">orignew</subfield>
    <subfield code="d">1</subfield>
    <subfield code="e">ecip</subfield>
    <subfield code="f">20</subfield>
    <subfield code="g">y-gencatlg</subfield>
  </datafield>
  <datafield tag="925" ind1="0" ind2=" ">
    <subfield code="a">acquire</subfield>
    <subfield code="b">1 shelf copy</subfield>
    <subfield code="x">policy default</subfield>
  </datafield>
  <datafield tag="955" ind1=" " ind2=" ">
    <subfield code="b">rk11 2018-03-26</subfield>
    <subfield code="i">rk11 2018-03-26 ONIX to Dewey</subfield>
    <subfield code="w">xm09 2018-03-27</subfield>
    <subfield code="a">xn13 2018-11-15 1 copy rec&apos;d., to CIP ver.</subfield>
    <subfield code="a">rk20 2018-11-26 book received in ART</subfield>
    <subfield code="f">re24 2020-01-02 to CALM</subfield>
  </datafield>
  <datafield tag="010" ind1=" " ind2=" ">
    <subfield code="a">  2018013823</subfield>
  </datafield>
  <datafield tag="020" ind1=" " ind2=" ">
    <subfield code="a">9781101871973</subfield>
    <subfield code="q">(hardback)</subfield>
  </datafield>
  <datafield tag="040" ind1=" " ind2=" ">
    <subfield code="a">DLC</subfield>
    <subfield code="b">eng</subfield>
    <subfield code="c">DLC</subfield>
    <subfield code="e">rda</subfield>
    <subfield code="d">DLC</subfield>
  </datafield>
  <datafield tag="042" ind1=" " ind2=" ">
    <subfield code="a">pcc</subfield>
  </datafield>
  <datafield tag="043" ind1=" " ind2=" ">
    <subfield code="a">n-us---</subfield>
  </datafield>
  <datafield tag="050" ind1="0" ind2="0">
    <subfield code="a">NC1429.R7628</subfield>
    <subfield code="b">A4 2018</subfield>
  </datafield>
  <datafield tag="082" ind1="0" ind2="0">
    <subfield code="a">741.5/9092</subfield>
    <subfield code="2">23</subfield>
  </datafield>
  <datafield tag="084" ind1=" " ind2=" ">
    <subfield code="a">ART004000</subfield>
    <subfield code="a">CGN004080</subfield>
    <subfield code="a">CGN001000</subfield>
    <subfield code="2">bisacsh</subfield>
  </datafield>
  <datafield tag="100" ind1="1" ind2=" ">
    <subfield code="a">Ross, Alex,</subfield>
    <subfield code="d">1970-</subfield>
    <subfield code="e">artist.</subfield>
  </datafield>
  <datafield tag="240" ind1="1" ind2="0">
    <subfield code="a">Works.</subfield>
    <subfield code="k">Selections</subfield>
  </datafield>
  <datafield tag="245" ind1="1" ind2="0">
    <subfield code="a">Marvelocity :</subfield>
    <subfield code="b">Marvel Comics art of Alex Ross /</subfield>
    <subfield code="c">Alex Ross, Chip Kidd, Geoff Spear ; with an introduction by J.J. Abrams.</subfield>
  </datafield>
  <datafield tag="264" ind1=" " ind2="1">
    <subfield code="a">New York :</subfield>
    <subfield code="b">Pantheon Books,</subfield>
    <subfield code="c">2018.</subfield>
  </datafield>
  <datafield tag="300" ind1=" " ind2=" ">
    <subfield code="a">1 unpaged volume :</subfield>
    <subfield code="b">color illustrations ;</subfield>
    <subfield code="c">32 cm</subfield>
  </datafield>
  <datafield tag="336" ind1=" " ind2=" ">
    <subfield code="a">text</subfield>
    <subfield code="b">txt</subfield>
    <subfield code="2">rdacontent</subfield>
  </datafield>
  <datafield tag="337" ind1=" " ind2=" ">
    <subfield code="a">unmediated</subfield>
    <subfield code="b">n</subfield>
    <subfield code="2">rdamedia</subfield>
  </datafield>
  <datafield tag="338" ind1=" " ind2=" ">
    <subfield code="a">volume</subfield>
    <subfield code="b">nc</subfield>
    <subfield code="2">rdacarrier</subfield>
  </datafield>
  <datafield tag="520" ind1=" " ind2=" ">
    <subfield code="a">&quot;Thirteen years after his Eisner Award-winning, nationally best-selling Mythology--here is the long-awaited Marvel Comics counterpart, a retrospective celebration of the other half of the comics galaxy that is currently ruling the world: Spider-Man, Iron Man, Captain America, Black Panther, the Avengers, the X-Men, Doctor Strange, the Guardians of the Galaxy, and the Fantastic Four. &quot;Alex is a legend. Even if you don&apos;t consider yourself a comics-head, you should check out his work to see what the best of the form has to offer.&quot; --Ta-Nehisi Coates As he did for the DC characters in Mythology, Alex Ross now brings the heroes of the Marvel universe into dynamic life as never before. Marvelocity includes more than 50 never-been-published sketches, working models, and other preparatory art, and a 14-panel portfolio gallery of Marvel&apos;s most beloved characters. And Ross has written a new 10-page story pitting Spider-Man against the Sinister Six--the webslinger&apos;s most popular villains--that ends with a stunning twist&quot;--</subfield>
    <subfield code="c">Provided by publisher.</subfield>
  </datafield>
  <datafield tag="504" ind1=" " ind2=" ">
    <subfield code="a">Includes bibliographical references.</subfield>
  </datafield>
  <datafield tag="600" ind1="1" ind2="0">
    <subfield code="a">Ross, Alex,</subfield>
    <subfield code="d">1970-</subfield>
    <subfield code="x">Themes, motives.</subfield>
  </datafield>
  <datafield tag="650" ind1=" " ind2="0">
    <subfield code="a">Superheroes in art.</subfield>
  </datafield>
  <datafield tag="650" ind1=" " ind2="0">
    <subfield code="a">Comic books, strips, etc.</subfield>
    <subfield code="z">United States.</subfield>
  </datafield>
  <datafield tag="610" ind1="2" ind2="0">
    <subfield code="a">Marvel Comics Group.</subfield>
  </datafield>
  <datafield tag="650" ind1=" " ind2="7">
    <subfield code="a">ART / Techniques / Cartooning.</subfield>
    <subfield code="2">bisacsh</subfield>
  </datafield>
  <datafield tag="650" ind1=" " ind2="7">
    <subfield code="a">COMICS &amp; GRAPHIC NOVELS / Superheroes.</subfield>
    <subfield code="2">bisacsh</subfield>
  </datafield>
  <datafield tag="650" ind1=" " ind2="7">
    <subfield code="a">COMICS &amp; GRAPHIC NOVELS / Anthologies.</subfield>
    <subfield code="2">bisacsh</subfield>
  </datafield>
  <datafield tag="700" ind1="1" ind2=" ">
    <subfield code="a">Kidd, Chip.</subfield>
  </datafield>
  <datafield tag="700" ind1="1" ind2=" ">
    <subfield code="a">Spear, Geoff.</subfield>
  </datafield>
  <datafield tag="700" ind1="1" ind2=" ">
    <subfield code="a">Abrams, J. J.</subfield>
    <subfield code="q">(Jeffrey Jacob),</subfield>
    <subfield code="d">1966-</subfield>
    <subfield code="e">writer of introduction.</subfield>
  </datafield>
</record>