
<record>
  <leader>01484cam a2200373 i 4500</leader>
  <controlfield tag="001">20425717</controlfield>
  <controlfield tag="005">20200102180357.0</controlfield>
  <controlfield tag="008">180209s2017    rb a          000 0dsrp  </controlfield>
  <datafield tag="906" ind1=" " ind2=" ">
    <subfield code="a">7</subfield>
    <subfield code="b">cbc</subfield>
    <subfield code="c">origres</subfield>
    <subfield code="d">3</subfield>
    <subfield code="e">ncip</subfield>
    <subfield code="f">20</subfield>
    <subfield code="g">y-gencatlg</subfield>
  </datafield>
  <datafield tag="925" ind1="0" ind2=" ">
    <subfield code="a">acquire</subfield>
    <subfield code="b">1 shelf copy</subfield>
    <subfield code="x">policy default</subfield>
  </datafield>
  <datafield tag="955" ind1=" " ind2=" ">
    <subfield code="a">fd50 2018-05-04</subfield>
    <subfield code="a">fg00 2018-05-10 to GS/SEE</subfield>
    <subfield code="i">fg14 2019-10-24 telework to fg01 for review;</subfield>
    <subfield code="r">fg01 2020-01-02 to BCCD</subfield>
  </datafield>
  <datafield tag="010" ind1=" " ind2=" ">
    <subfield code="a">  2018378253</subfield>
  </datafield>
  <datafield tag="020" ind1=" " ind2=" ">
    <subfield code="a">9788680613192</subfield>
  </datafield>
  <datafield tag="035" ind1=" " ind2=" ">
    <subfield code="a">(RS-BeBCD)Bb0902189559</subfield>
  </datafield>
  <datafield tag="040" ind1=" " ind2=" ">
    <subfield code="a">DLC</subfield>
    <subfield code="b">eng</subfield>
    <subfield code="c">DLC</subfield>
    <subfield code="e">rda</subfield>
  </datafield>
  <datafield tag="041" ind1="1" ind2=" ">
    <subfield code="a">srp</subfield>
    <subfield code="a">eng</subfield>
  </datafield>
  <datafield tag="042" ind1=" " ind2=" ">
    <subfield code="a">pcc</subfield>
  </datafield>
  <datafield tag="043" ind1=" " ind2=" ">
    <subfield code="a">e-rb---</subfield>
  </datafield>
  <datafield tag="050" ind1="0" ind2="0">
    <subfield code="a">D629.S4</subfield>
    <subfield code="b">P675 2017</subfield>
  </datafield>
  <datafield tag="100" ind1="1" ind2=" ">
    <subfield code="a">Popović-Filipović, Slavica</subfield>
    <subfield code="e">author,</subfield>
    <subfield code="e">translator.</subfield>
  </datafield>
  <datafield tag="245" ind1="1" ind2="0">
    <subfield code="a">Svedočanstva iz Prvog svetskog rata /</subfield>
    <subfield code="c">Slavica Popović Filipović ; prevod Bob Filipović, Slavica Popović Filipović ; (fotografije Bob Filipović).</subfield>
  </datafield>
  <datafield tag="246" ind1="3" ind2="5">
    <subfield code="a">Great War revisited</subfield>
  </datafield>
  <datafield tag="264" ind1=" " ind2="1">
    <subfield code="a">Valjevo :</subfield>
    <subfield code="b">Istorijski arhiv,</subfield>
    <subfield code="c">2017.</subfield>
  </datafield>
  <datafield tag="300" ind1=" " ind2=" ">
    <subfield code="a">273 pages :</subfield>
    <subfield code="b">illustrations ;</subfield>
    <subfield code="c">23 cm</subfield>
  </datafield>
  <datafield tag="336" ind1=" " ind2=" ">
    <subfield code="a">text</subfield>
    <subfield code="b">txt</subfield>
    <subfield code="2">rdacontent</subfield>
  </datafield>
  <datafield tag="337" ind1=" " ind2=" ">
    <subfield code="a">unmediated</subfield>
    <subfield code="b">n</subfield>
    <subfield code="2">rdamedia</subfield>
  </datafield>
  <datafield tag="338" ind1=" " ind2=" ">
    <subfield code="a">volume</subfield>
    <subfield code="b">nc</subfield>
    <subfield code="2">rdacarrier</subfield>
  </datafield>
  <datafield tag="650" ind1=" " ind2="0">
    <subfield code="a">World War, 1914-1918</subfield>
    <subfield code="x">Medical care</subfield>
    <subfield code="z">Serbia.</subfield>
  </datafield>
  <datafield tag="650" ind1=" " ind2="0">
    <subfield code="a">Allied health personnel, Foreign</subfield>
    <subfield code="z">Serbia.</subfield>
  </datafield>
  <datafield tag="650" ind1=" " ind2="0">
    <subfield code="a">Medical assistance</subfield>
    <subfield code="z">Serbia</subfield>
    <subfield code="y">20th century.</subfield>
  </datafield>
  <datafield tag="650" ind1=" " ind2="0">
    <subfield code="a">World War, 1914-1918</subfield>
    <subfield code="x">Women</subfield>
    <subfield code="z">Serbia</subfield>
    <subfield code="v">Biography.</subfield>
  </datafield>
  <datafield tag="650" ind1=" " ind2="0">
    <subfield code="a">World War, 1914-1918</subfield>
    <subfield code="z">Serbia</subfield>
    <subfield code="v">Personal narratives.</subfield>
  </datafield>
  <datafield tag="923" ind1=" " ind2=" ">
    <subfield code="d">20180223</subfield>
    <subfield code="n">134</subfield>
    <subfield code="s">RS-BeBCD</subfield>
  </datafield>
  <datafield tag="985" ind1=" " ind2=" ">
    <subfield code="e">VENDOR LOAD</subfield>
  </datafield>
</record>