
<record>
  <leader>01931cam a2200409 i 4500</leader>
  <controlfield tag="001">20435805</controlfield>
  <controlfield tag="005">20200102180145.0</controlfield>
  <controlfield tag="008">170731s2017    is            000 0 heb  </controlfield>
  <datafield tag="906" ind1=" " ind2=" ">
    <subfield code="a">7</subfield>
    <subfield code="b">cbc</subfield>
    <subfield code="c">origres</subfield>
    <subfield code="d">3</subfield>
    <subfield code="e">ncip</subfield>
    <subfield code="f">20</subfield>
    <subfield code="g">y-nonroman</subfield>
  </datafield>
  <datafield tag="925" ind1="0" ind2=" ">
    <subfield code="a">acquire</subfield>
    <subfield code="b">1 shelf copy</subfield>
    <subfield code="x">policy default</subfield>
  </datafield>
  <datafield tag="955" ind1=" " ind2=" ">
    <subfield code="a">ve01;</subfield>
    <subfield code="b">cd01 2018-08-08 added lccn and holding and item records;</subfield>
    <subfield code="a">cd00 2018-08-08 to ASME/IJ;</subfield>
    <subfield code="a">cd23 2018-09-05 to cd23 for full cat.;</subfield>
    <subfield code="i">cd23 2018-10-19 telework to Hebraic shelves;</subfield>
    <subfield code="a">cd23 2020-01-02 telework Bibframe ymey</subfield>
  </datafield>
  <datafield tag="010" ind1=" " ind2=" ">
    <subfield code="a">  2017480897</subfield>
  </datafield>
  <datafield tag="035" ind1=" " ind2=" ">
    <subfield code="a">(IsJeAIW)wb2018423881</subfield>
  </datafield>
  <datafield tag="040" ind1=" " ind2=" ">
    <subfield code="a">DLC</subfield>
    <subfield code="b">eng</subfield>
    <subfield code="e">rda</subfield>
    <subfield code="c">DLC</subfield>
  </datafield>
  <datafield tag="042" ind1=" " ind2=" ">
    <subfield code="a">pcc</subfield>
  </datafield>
  <datafield tag="050" ind1="0" ind2="0">
    <subfield code="a">BM506.S27</subfield>
    <subfield code="b">I88 2017</subfield>
  </datafield>
  <datafield tag="066" ind1=" " ind2=" ">
    <subfield code="c">(2</subfield>
  </datafield>
  <datafield tag="100" ind1="1" ind2=" ">
    <subfield code="6">880-01</subfield>
    <subfield code="a">Iṭaḥ, Yaʻaḳov,</subfield>
    <subfield code="e">author.</subfield>
  </datafield>
  <datafield tag="880" ind1="1" ind2=" ">
    <subfield code="6">100-01/(2/r‏</subfield>
    <subfield code="a">‏איטח, יעקב.</subfield>
  </datafield>
  <datafield tag="240" ind1="1" ind2="0">
    <subfield code="a">Ḥemdat Yaʻaḳov (Shabat ṿe-Sukah)</subfield>
  </datafield>
  <datafield tag="245" ind1="1" ind2="0">
    <subfield code="6">880-02</subfield>
    <subfield code="a">Sefer Ḥemdat Yaʻaḳov :</subfield>
    <subfield code="b">beʼurim ṿe-ḥidushim ʻal Masekhtot Shabat ṿe-Sukah /</subfield>
    <subfield code="c">ketavtiṿ ṿe-ḥibartiṿ Yaʻaḳov Iṭaḥ.</subfield>
  </datafield>
  <datafield tag="880" ind1="1" ind2="0">
    <subfield code="6">245-02/(2/r‏</subfield>
    <subfield code="a">‏ספר חמדת יעקב :‏</subfield>
    <subfield code="b">‏ביאורים וחידושים על מסכתות שבת וסוכה /‏</subfield>
    <subfield code="c">‏כתבתיו וחברתיו יעקב איטח.</subfield>
  </datafield>
  <datafield tag="246" ind1="1" ind2="4">
    <subfield code="6">880-03</subfield>
    <subfield code="a">Ḥemdat Yaʻaḳov</subfield>
  </datafield>
  <datafield tag="880" ind1="1" ind2="4">
    <subfield code="6">246-03/(2/r‏</subfield>
    <subfield code="a">‏חמדת יעקב</subfield>
  </datafield>
  <datafield tag="264" ind1=" " ind2="1">
    <subfield code="6">880-04</subfield>
    <subfield code="a">Betar ʻIlit :</subfield>
    <subfield code="b">[Yaʻaḳov Iṭaḥ],</subfield>
    <subfield code="c">5&apos;777 [2017]</subfield>
  </datafield>
  <datafield tag="880" ind1=" " ind2="1">
    <subfield code="6">264-04/(2/r‏</subfield>
    <subfield code="a">‏ביתר עילית :‏</subfield>
    <subfield code="b">‏[יעקב איטח],‏</subfield>
    <subfield code="c">‏ה&apos;תשע״ז.</subfield>
  </datafield>
  <datafield tag="264" ind1=" " ind2="3">
    <subfield code="6">880-05</subfield>
    <subfield code="c">Hudpas be-Siṿan 5&apos;777</subfield>
  </datafield>
  <datafield tag="880" ind1=" " ind2="3">
    <subfield code="6">264-05/(2/r‏</subfield>
    <subfield code="a">‏הודפס בסיון ה&apos;תשע&quot;ז</subfield>
  </datafield>
  <datafield tag="300" ind1=" " ind2=" ">
    <subfield code="a">300 pages ;</subfield>
    <subfield code="c">24 cm</subfield>
  </datafield>
  <datafield tag="336" ind1=" " ind2=" ">
    <subfield code="a">text</subfield>
    <subfield code="b">txt</subfield>
    <subfield code="2">rdacontent</subfield>
  </datafield>
  <datafield tag="337" ind1=" " ind2=" ">
    <subfield code="a">unmediated</subfield>
    <subfield code="b">n</subfield>
    <subfield code="2">rdamedia</subfield>
  </datafield>
  <datafield tag="338" ind1=" " ind2=" ">
    <subfield code="a">volume</subfield>
    <subfield code="b">nc</subfield>
    <subfield code="2">rdacarrier</subfield>
  </datafield>
  <datafield tag="630" ind1="0" ind2="0">
    <subfield code="a">Talmud.</subfield>
    <subfield code="p">Shabbat</subfield>
    <subfield code="v">Commentaries.</subfield>
  </datafield>
  <datafield tag="630" ind1="0" ind2="0">
    <subfield code="a">Talmud.</subfield>
    <subfield code="p">Sukkah</subfield>
    <subfield code="v">Commentaries.</subfield>
  </datafield>
  <datafield tag="923" ind1=" " ind2=" ">
    <subfield code="d">20180219</subfield>
    <subfield code="n">30730</subfield>
    <subfield code="s">IsJeAIW</subfield>
  </datafield>
  <datafield tag="985" ind1=" " ind2=" ">
    <subfield code="e">VENDOR LOAD</subfield>
  </datafield>
  <datafield tag="985" ind1=" " ind2=" ">
    <subfield code="a">BibframePilot2</subfield>
    <subfield code="e">20180504</subfield>
  </datafield>
</record>