
<record>
  <leader>03120cam a2200397 i 4500</leader>
  <controlfield tag="001">20447737</controlfield>
  <controlfield tag="005">20200102100348.0</controlfield>
  <controlfield tag="008">180327s2018    cau      b   s000 0 eng c</controlfield>
  <datafield tag="906" ind1=" " ind2=" ">
    <subfield code="a">7</subfield>
    <subfield code="b">cbc</subfield>
    <subfield code="c">orignew</subfield>
    <subfield code="d">1</subfield>
    <subfield code="e">ecip</subfield>
    <subfield code="f">20</subfield>
    <subfield code="g">y-gencatlg</subfield>
  </datafield>
  <datafield tag="925" ind1="0" ind2=" ">
    <subfield code="a">acquire</subfield>
    <subfield code="b">1 shelf copy</subfield>
    <subfield code="x">policy default</subfield>
  </datafield>
  <datafield tag="955" ind1=" " ind2=" ">
    <subfield code="a">CU-S</subfield>
    <subfield code="e">rk11 2018-04-13 to Dewey</subfield>
    <subfield code="w">xm09 2018-04-13</subfield>
    <subfield code="a">xn11 2019-11-25 1 copy rec&apos;d., to CIP ver.</subfield>
    <subfield code="a">rk20 2019-12-06 book received in ART</subfield>
    <subfield code="f">rk24 2019-12-13 Telework to CALM</subfield>
  </datafield>
  <datafield tag="010" ind1=" " ind2=" ">
    <subfield code="a">  2018015079</subfield>
  </datafield>
  <datafield tag="020" ind1=" " ind2=" ">
    <subfield code="a">9780520296664</subfield>
    <subfield code="q">(cloth ;</subfield>
    <subfield code="q">alk. paper)</subfield>
  </datafield>
  <datafield tag="020" ind1=" " ind2=" ">
    <subfield code="a">9780520296671</subfield>
    <subfield code="q">(pbk. ;</subfield>
    <subfield code="q">alk. paper)</subfield>
  </datafield>
  <datafield tag="020" ind1=" " ind2=" ">
    <subfield code="a">9780520969063</subfield>
    <subfield code="q">(epub and ePDF)</subfield>
  </datafield>
  <datafield tag="040" ind1=" " ind2=" ">
    <subfield code="a">CU-S/DLC</subfield>
    <subfield code="b">eng</subfield>
    <subfield code="e">rda</subfield>
    <subfield code="c">CU-S</subfield>
    <subfield code="d">DLC</subfield>
  </datafield>
  <datafield tag="042" ind1=" " ind2=" ">
    <subfield code="a">pcc</subfield>
  </datafield>
  <datafield tag="043" ind1=" " ind2=" ">
    <subfield code="a">cl-----</subfield>
  </datafield>
  <datafield tag="050" ind1="0" ind2="0">
    <subfield code="a">NX650.P6</subfield>
    <subfield code="b">G66 2018</subfield>
  </datafield>
  <datafield tag="082" ind1="0" ind2="0">
    <subfield code="a">700.98</subfield>
    <subfield code="2">23</subfield>
  </datafield>
  <datafield tag="100" ind1="1" ind2=" ">
    <subfield code="a">Gómez-Barris, Macarena,</subfield>
    <subfield code="d">1970-</subfield>
    <subfield code="e">author.</subfield>
  </datafield>
  <datafield tag="245" ind1="1" ind2="0">
    <subfield code="a">Beyond the pink tide :</subfield>
    <subfield code="b">art and political undercurrents in the Americas /</subfield>
    <subfield code="c">Macarena Gómez-Barris.</subfield>
  </datafield>
  <datafield tag="264" ind1=" " ind2="1">
    <subfield code="a">Oakland, California :</subfield>
    <subfield code="b">University of California Press,</subfield>
    <subfield code="c">[2018]</subfield>
  </datafield>
  <datafield tag="300" ind1=" " ind2=" ">
    <subfield code="a">xiv, 145 pages ;</subfield>
    <subfield code="c">22 cm.</subfield>
  </datafield>
  <datafield tag="336" ind1=" " ind2=" ">
    <subfield code="a">text</subfield>
    <subfield code="2">rdacontent</subfield>
  </datafield>
  <datafield tag="337" ind1=" " ind2=" ">
    <subfield code="a">unmediated</subfield>
    <subfield code="2">rdamedia</subfield>
  </datafield>
  <datafield tag="338" ind1=" " ind2=" ">
    <subfield code="a">volume</subfield>
    <subfield code="2">rdacarrier</subfield>
  </datafield>
  <datafield tag="490" ind1="0" ind2=" ">
    <subfield code="a">American studies now</subfield>
  </datafield>
  <datafield tag="504" ind1=" " ind2=" ">
    <subfield code="a">Includes bibliographical references (pages 143-145).</subfield>
  </datafield>
  <datafield tag="505" ind1="0" ind2=" ">
    <subfield code="a">Sounds radical -- How cuir is queer recognition? -- Art in the shadow of border capitalism -- An archive of starlight.</subfield>
  </datafield>
  <datafield tag="520" ind1=" " ind2=" ">
    <subfield code="a">&quot;Beyond the Pink Tide considers a wave of artistic and curatorial efforts and social movements that refuse national borders in an effort to think hemispherically. In modeling a transnational American Studies, the book considers recent art and cultural production that engage politics in the Americas. In the late 1990s to the early 2000s, Latin America experienced a shift toward left-leaning and progressive politics that challenged US neoliberalism and hegemony. The media dubbed this turn the &quot;pink tide,&quot; and by 2009, leftist governments were in power in Argentina, Bolivia, Brazil, Chile, Ecuador, and Venezuela. But by 2010, this tide began to turn as several governments failed to implement their progressive agendas, leaving the structures of capitalism intact. Beyond the Pink Tide explores new ways of understanding social and political transformation, particularly through the everyday practices of queer communities, anticapitalist movements, decolonization, feminisms, and the arts. Macarena Gómez-Barris shows readers the possibilities beyond the limited frame of state-centered politics to achieve concrete social transformation beginning at the level of artistic and social imagination--in Latin America, the United States, and the world.&quot;--Provided by publisher.</subfield>
  </datafield>
  <datafield tag="650" ind1=" " ind2="0">
    <subfield code="a">Arts</subfield>
    <subfield code="x">Political aspects</subfield>
    <subfield code="z">Latin America</subfield>
    <subfield code="y">20th century.</subfield>
  </datafield>
  <datafield tag="650" ind1=" " ind2="0">
    <subfield code="a">Social movements</subfield>
    <subfield code="z">Latin America</subfield>
    <subfield code="y">20th century.</subfield>
  </datafield>
  <datafield tag="651" ind1=" " ind2="0">
    <subfield code="a">Latin America</subfield>
    <subfield code="x">Politics and government</subfield>
    <subfield code="y">20th century.</subfield>
  </datafield>
  <datafield tag="776" ind1="0" ind2="8">
    <subfield code="i">Online version:</subfield>
    <subfield code="a">Gómez-Barris, Macarena, 1970- author.</subfield>
    <subfield code="t">Beyond the pink tide</subfield>
    <subfield code="d">Oakland, California : University of California Press, [2018]</subfield>
    <subfield code="z">9780520969063</subfield>
    <subfield code="w">(DLC) 2018018323</subfield>
  </datafield>
  <datafield tag="985" ind1=" " ind2=" ">
    <subfield code="a">CU-SCIP</subfield>
    <subfield code="d">2018-04-12</subfield>
  </datafield>
</record>