
<record>
  <leader>02112cam a2200361 i 4500</leader>
  <controlfield tag="001">20466461</controlfield>
  <controlfield tag="005">20200102112304.0</controlfield>
  <controlfield tag="008">180413s2016    sw a     b    000 0 swe  </controlfield>
  <datafield tag="906" ind1=" " ind2=" ">
    <subfield code="a">7</subfield>
    <subfield code="b">cbc</subfield>
    <subfield code="c">origres</subfield>
    <subfield code="d">3</subfield>
    <subfield code="e">ncip</subfield>
    <subfield code="f">20</subfield>
    <subfield code="g">y-gencatlg</subfield>
  </datafield>
  <datafield tag="925" ind1="0" ind2=" ">
    <subfield code="a">acquire</subfield>
    <subfield code="b">1 shelf copy</subfield>
    <subfield code="x">policy default</subfield>
  </datafield>
  <datafield tag="955" ind1=" " ind2=" ">
    <subfield code="b">ff16 2018-05-08</subfield>
    <subfield code="a">ff00 2018-05-09 to GS/SBCG to MUSIC</subfield>
    <subfield code="a">vl34 2018-06-08 to MBAS original cat shelf</subfield>
    <subfield code="i">vk39 2019-08-02</subfield>
    <subfield code="e">vk39 2019-08-05 awaiting LC classification proposal</subfield>
    <subfield code="a">jr02 2019-11-27 changed 1st cutter from .S94 (SCM G 300)</subfield>
    <subfield code="e">vk39 2019-12-23 to Music Division</subfield>
    <subfield code="e">vl39 2020-01-02 to BCCD c.1</subfield>
  </datafield>
  <datafield tag="010" ind1=" " ind2=" ">
    <subfield code="a">  2017464498</subfield>
  </datafield>
  <datafield tag="020" ind1=" " ind2=" ">
    <subfield code="a">9789187710476</subfield>
    <subfield code="q">(pbk.)</subfield>
  </datafield>
  <datafield tag="024" ind1="3" ind2=" ">
    <subfield code="a">9789187710476</subfield>
  </datafield>
  <datafield tag="035" ind1=" " ind2=" ">
    <subfield code="a">(GyWOH)har175022857</subfield>
  </datafield>
  <datafield tag="040" ind1=" " ind2=" ">
    <subfield code="a">DLC</subfield>
    <subfield code="b">eng</subfield>
    <subfield code="e">rda</subfield>
    <subfield code="c">DLC</subfield>
  </datafield>
  <datafield tag="042" ind1=" " ind2=" ">
    <subfield code="a">pcc</subfield>
  </datafield>
  <datafield tag="043" ind1=" " ind2=" ">
    <subfield code="a">e-sw---</subfield>
  </datafield>
  <datafield tag="050" ind1="0" ind2="0">
    <subfield code="a">ML1551.S84</subfield>
    <subfield code="b">R6 2016</subfield>
  </datafield>
  <datafield tag="100" ind1="1" ind2=" ">
    <subfield code="a">Ronström, Owe,</subfield>
    <subfield code="e">author.</subfield>
  </datafield>
  <datafield tag="245" ind1="1" ind2="0">
    <subfield code="a">Körer och kulturhistoria :</subfield>
    <subfield code="b">etnologiska aspekter på ett svenskt massfenomen /</subfield>
    <subfield code="c">Owe Ronström.</subfield>
  </datafield>
  <datafield tag="264" ind1=" " ind2="1">
    <subfield code="a">Visby :</subfield>
    <subfield code="b">Wessmans Musikförlag,</subfield>
    <subfield code="c">[2016]</subfield>
  </datafield>
  <datafield tag="300" ind1=" " ind2=" ">
    <subfield code="a">93 pages :</subfield>
    <subfield code="b">color illustrations ;</subfield>
    <subfield code="c">23 cm</subfield>
  </datafield>
  <datafield tag="336" ind1=" " ind2=" ">
    <subfield code="a">text</subfield>
    <subfield code="b">txt</subfield>
    <subfield code="2">rdacontent</subfield>
  </datafield>
  <datafield tag="337" ind1=" " ind2=" ">
    <subfield code="a">unmediated</subfield>
    <subfield code="b">n</subfield>
    <subfield code="2">rdamedia</subfield>
  </datafield>
  <datafield tag="338" ind1=" " ind2=" ">
    <subfield code="a">volume</subfield>
    <subfield code="b">nc</subfield>
    <subfield code="2">rdacarrier</subfield>
  </datafield>
  <datafield tag="504" ind1=" " ind2=" ">
    <subfield code="a">Includes bibliographical references (pages 90-93).</subfield>
  </datafield>
  <datafield tag="505" ind1="0" ind2=" ">
    <subfield code="a">Förord -- Inledning -- Körsång : ett svenskt massfenomen -- Spår från der förflutna -- Den förste körledaren -- Redan de gamla grekerna -- Musik i den gamla världen -- Alla vägar bär till Rom -- Att sjunga tillsammans -- Körsång och samhälle -- Disciplinering, notskrift och kyrkoorglar -- Nya tider -- Modernitet, utopier, massrörelser och musik -- Gemenskap, uppbrott och framåtskridande -- Sjung och var glad. Ju mer vi är tillsammans -- Nytta eller nöje, mål eller medel -- Expressivitet och instrumentalitet -- Körsjungande på 2000-talet -- Sång, hälsa och individualitet -- Final.</subfield>
  </datafield>
  <datafield tag="650" ind1=" " ind2="0">
    <subfield code="a">Choral singing</subfield>
    <subfield code="z">Sweden</subfield>
    <subfield code="x">History.</subfield>
  </datafield>
  <datafield tag="650" ind1=" " ind2="0">
    <subfield code="a">Choral singing</subfield>
    <subfield code="x">Social aspects</subfield>
    <subfield code="z">Sweden.</subfield>
  </datafield>
  <datafield tag="650" ind1=" " ind2="0">
    <subfield code="a">Choral singing</subfield>
    <subfield code="x">History.</subfield>
  </datafield>
  <datafield tag="923" ind1=" " ind2=" ">
    <subfield code="d">20180413</subfield>
    <subfield code="n">0168033</subfield>
    <subfield code="s">GyWOH</subfield>
  </datafield>
  <datafield tag="985" ind1=" " ind2=" ">
    <subfield code="e">VENDOR LOAD</subfield>
  </datafield>
</record>