
<record>
  <leader>02326cam a2200409 i 4500</leader>
  <controlfield tag="001">20467190</controlfield>
  <controlfield tag="005">20200102100006.0</controlfield>
  <controlfield tag="008">180424s2017    gw aa    b    100 0 ger  </controlfield>
  <datafield tag="906" ind1=" " ind2=" ">
    <subfield code="a">0</subfield>
    <subfield code="b">ibc</subfield>
    <subfield code="c">origres</subfield>
    <subfield code="d">3</subfield>
    <subfield code="e">ncip</subfield>
    <subfield code="f">20</subfield>
    <subfield code="g">y-gencatlg</subfield>
  </datafield>
  <datafield tag="925" ind1="0" ind2=" ">
    <subfield code="a">acquire</subfield>
    <subfield code="b">1 shelf copy</subfield>
    <subfield code="x">policy default</subfield>
  </datafield>
  <datafield tag="955" ind1=" " ind2=" ">
    <subfield code="b">fd10 2018-04-24 z-processor</subfield>
    <subfield code="a">fd00 2018-05-02 to GS/GER</subfield>
    <subfield code="i">fd33 2020-01-02 (telework)</subfield>
  </datafield>
  <datafield tag="010" ind1=" " ind2=" ">
    <subfield code="a">  2018369529</subfield>
  </datafield>
  <datafield tag="020" ind1=" " ind2=" ">
    <subfield code="a">9783884521212</subfield>
    <subfield code="z">9783884521217</subfield>
    <subfield code="q">(pbk.)</subfield>
  </datafield>
  <datafield tag="020" ind1=" " ind2=" ">
    <subfield code="a">3884521217</subfield>
    <subfield code="q">(pbk.)</subfield>
  </datafield>
  <datafield tag="040" ind1=" " ind2=" ">
    <subfield code="a">DLC</subfield>
    <subfield code="b">eng</subfield>
    <subfield code="c">DLC</subfield>
    <subfield code="e">rda</subfield>
  </datafield>
  <datafield tag="042" ind1=" " ind2=" ">
    <subfield code="a">pcc</subfield>
  </datafield>
  <datafield tag="111" ind1="2" ind2=" ">
    <subfield code="a">Tagung &quot;Land und Stadt--Lebenswelten und Planerische Praxis&quot;</subfield>
    <subfield code="d">(2016 :</subfield>
    <subfield code="c">Göttingen, Germany)</subfield>
    <subfield code="j">author.</subfield>
  </datafield>
  <datafield tag="245" ind1="1" ind2="0">
    <subfield code="a">Tagungsband &quot;Land und Stadt--Lebenswelten und planerische Praxis&quot; 24. November 2016 /</subfield>
    <subfield code="c">Veranstalter, Hochschule für angewandte Wissenschaft und Kunst (HAWK), Fakultät Ressourcenmanagement in Göttingen, Prof. Dr. Ulrich Harteisen, Dr. Swantje Eigner-Thiel ; Georg-August-Universität Göttingen, Geographisches Institut, Abteilung Humangeographie, Prof. Dr. Christoph Dittrich, Dr. Tobias Rech, Dr. Tobias Behnen ; Herausgeber, Ulrich Harteisen, Christoph Dittrich, Tobias Rech, Swantje Eigner-Thiel.</subfield>
  </datafield>
  <datafield tag="264" ind1=" " ind2="1">
    <subfield code="a">Göttingen :</subfield>
    <subfield code="b">Goltze Druck GmbH &amp; Co.KG,</subfield>
    <subfield code="c">2017.</subfield>
  </datafield>
  <datafield tag="300" ind1=" " ind2=" ">
    <subfield code="a">186 pages :</subfield>
    <subfield code="b">illustrations (some color) ;</subfield>
    <subfield code="c">24 cm.</subfield>
  </datafield>
  <datafield tag="336" ind1=" " ind2=" ">
    <subfield code="a">text</subfield>
    <subfield code="b">txt</subfield>
    <subfield code="2">rdacontent</subfield>
  </datafield>
  <datafield tag="337" ind1=" " ind2=" ">
    <subfield code="a">unmediated</subfield>
    <subfield code="b">n</subfield>
    <subfield code="2">rdamedia</subfield>
  </datafield>
  <datafield tag="338" ind1=" " ind2=" ">
    <subfield code="a">volume</subfield>
    <subfield code="b">nc</subfield>
    <subfield code="2">rdacarrier</subfield>
  </datafield>
  <datafield tag="490" ind1="0" ind2=" ">
    <subfield code="a">Göttinger geographische Abhandlungen ;</subfield>
    <subfield code="v">Heft 121</subfield>
  </datafield>
  <datafield tag="500" ind1=" " ind2=" ">
    <subfield code="a">Proceedings of the Tagung &quot;Land und Stadt--Lebenswelten und Planerische Praxis&quot; held November 24, 2016 in Göttingen.</subfield>
  </datafield>
  <datafield tag="504" ind1=" " ind2=" ">
    <subfield code="a">Includes bibliographical references.</subfield>
  </datafield>
  <datafield tag="650" ind1=" " ind2="0">
    <subfield code="a">Cities and towns</subfield>
    <subfield code="z">Germany</subfield>
    <subfield code="x">Growth</subfield>
    <subfield code="v">Congresses.</subfield>
  </datafield>
  <datafield tag="650" ind1=" " ind2="0">
    <subfield code="a">City planning</subfield>
    <subfield code="z">Germany</subfield>
    <subfield code="x">History</subfield>
    <subfield code="v">Congresses.</subfield>
  </datafield>
  <datafield tag="650" ind1=" " ind2="0">
    <subfield code="a">Regional planning</subfield>
    <subfield code="z">Germany</subfield>
    <subfield code="x">History</subfield>
    <subfield code="v">Congresses</subfield>
  </datafield>
  <datafield tag="700" ind1="1" ind2=" ">
    <subfield code="a">Harteisen, Ulrich,</subfield>
    <subfield code="e">editor,</subfield>
    <subfield code="e">author</subfield>
    <subfield code="e">organizer.</subfield>
  </datafield>
  <datafield tag="700" ind1="1" ind2=" ">
    <subfield code="a">Eigner-Thiel, Swantje,</subfield>
    <subfield code="e">editor,</subfield>
    <subfield code="e">author,</subfield>
    <subfield code="e">organizer.</subfield>
  </datafield>
  <datafield tag="700" ind1="1" ind2=" ">
    <subfield code="a">Dittrich, Christoph,</subfield>
    <subfield code="e">editor,</subfield>
    <subfield code="e">organizer.</subfield>
  </datafield>
  <datafield tag="700" ind1="1" ind2=" ">
    <subfield code="a">Rech, Tobias,</subfield>
    <subfield code="e">editor,</subfield>
    <subfield code="e">organizer.</subfield>
  </datafield>
  <datafield tag="700" ind1="1" ind2=" ">
    <subfield code="a">Behnen, Tobias,</subfield>
    <subfield code="e">organizer.</subfield>
  </datafield>
  <datafield tag="710" ind1="2" ind2=" ">
    <subfield code="a">Hochschule für Angewandte Wissenschaft und Kunst,</subfield>
    <subfield code="e">organizer.</subfield>
  </datafield>
  <datafield tag="710" ind1="2" ind2=" ">
    <subfield code="a">Universität Göttingen.</subfield>
    <subfield code="b">Geographisches Institut,</subfield>
    <subfield code="e">organizer.</subfield>
  </datafield>
  <datafield tag="923" ind1=" " ind2=" ">
    <subfield code="d">20180424</subfield>
    <subfield code="s">95006408</subfield>
  </datafield>
</record>