
<record>
  <leader>01952cam a22004218i 4500</leader>
  <controlfield tag="001">20481441</controlfield>
  <controlfield tag="005">20200102161730.0</controlfield>
  <controlfield tag="008">180503s2018    ctu           001 0 eng  </controlfield>
  <datafield tag="906" ind1=" " ind2=" ">
    <subfield code="a">0</subfield>
    <subfield code="b">vip</subfield>
    <subfield code="c">orignew</subfield>
    <subfield code="d">1</subfield>
    <subfield code="e">ecip</subfield>
    <subfield code="f">20</subfield>
    <subfield code="g">y-gencatlg</subfield>
  </datafield>
  <datafield tag="925" ind1="0" ind2=" ">
    <subfield code="a">acquire</subfield>
    <subfield code="b">1 shelf copy</subfield>
    <subfield code="x">policy default</subfield>
  </datafield>
  <datafield tag="955" ind1=" " ind2=" ">
    <subfield code="b">re25 2018-05-03</subfield>
    <subfield code="i">re25 2018-05-03 (OT) (modify NAR)</subfield>
    <subfield code="e">re13 2018-05-07 to Dewey</subfield>
    <subfield code="w">re09 2018-05-07 to CIP</subfield>
    <subfield code="a">xn11 2019-12-19 1 copy rec&apos;d., to CIP ver.</subfield>
    <subfield code="a">re13 2020-01-02 Copy 1 Barcode 00490437228 for telework</subfield>
  </datafield>
  <datafield tag="010" ind1=" " ind2=" ">
    <subfield code="a">  2018021861</subfield>
  </datafield>
  <datafield tag="020" ind1=" " ind2=" ">
    <subfield code="a">9781493029785</subfield>
    <subfield code="q">(paperback : alk. paper)</subfield>
  </datafield>
  <datafield tag="020" ind1=" " ind2=" ">
    <subfield code="z">9781493029792</subfield>
    <subfield code="q">(e-book)</subfield>
  </datafield>
  <datafield tag="040" ind1=" " ind2=" ">
    <subfield code="a">DLC</subfield>
    <subfield code="b">eng</subfield>
    <subfield code="c">DLC</subfield>
    <subfield code="e">rda</subfield>
  </datafield>
  <datafield tag="042" ind1=" " ind2=" ">
    <subfield code="a">pcc</subfield>
  </datafield>
  <datafield tag="043" ind1=" " ind2=" ">
    <subfield code="a">n-us-wa</subfield>
    <subfield code="a">n-us-id</subfield>
  </datafield>
  <datafield tag="050" ind1="0" ind2="0">
    <subfield code="a">GV199.42.W22</subfield>
    <subfield code="b">S642 2018</subfield>
  </datafield>
  <datafield tag="082" ind1="0" ind2="0">
    <subfield code="a">796.5109797/37</subfield>
    <subfield code="2">23</subfield>
  </datafield>
  <datafield tag="100" ind1="1" ind2=" ">
    <subfield code="a">Barstad, Fred,</subfield>
    <subfield code="e">author.</subfield>
  </datafield>
  <datafield tag="245" ind1="1" ind2="0">
    <subfield code="a">Best easy day hikes Spokane/Coeur d&apos;Alene /</subfield>
    <subfield code="c">Fred Barstad.</subfield>
  </datafield>
  <datafield tag="250" ind1=" " ind2=" ">
    <subfield code="a">Second Edition.</subfield>
  </datafield>
  <datafield tag="263" ind1=" " ind2=" ">
    <subfield code="a">1111</subfield>
  </datafield>
  <datafield tag="264" ind1=" " ind2="1">
    <subfield code="a">Guilford, Connecticut :</subfield>
    <subfield code="b">FalconGuides,</subfield>
    <subfield code="c">[2018]</subfield>
  </datafield>
  <datafield tag="300" ind1=" " ind2=" ">
    <subfield code="a">98 pages :</subfield>
    <subfield code="b">maps ;</subfield>
    <subfield code="c">18 cm</subfield>
  </datafield>
  <datafield tag="336" ind1=" " ind2=" ">
    <subfield code="a">text</subfield>
    <subfield code="b">txt</subfield>
    <subfield code="2">rdacontent</subfield>
  </datafield>
  <datafield tag="337" ind1=" " ind2=" ">
    <subfield code="a">unmediated</subfield>
    <subfield code="b">n</subfield>
    <subfield code="2">rdamedia</subfield>
  </datafield>
  <datafield tag="338" ind1=" " ind2=" ">
    <subfield code="a">volume</subfield>
    <subfield code="b">nc</subfield>
    <subfield code="2">rdacarrier</subfield>
  </datafield>
  <datafield tag="490" ind1="0" ind2=" ">
    <subfield code="a">Best easy day hikes series</subfield>
  </datafield>
  <datafield tag="500" ind1=" " ind2=" ">
    <subfield code="a">&quot;A previous edition of this book was published by Falcon Publishing, Inc. in 2012&quot;--T.p. verso.</subfield>
  </datafield>
  <datafield tag="500" ind1=" " ind2=" ">
    <subfield code="a">&quot;Distributed by NATIONAL BOOK NETWORK&quot;--T.p. verso.</subfield>
  </datafield>
  <datafield tag="500" ind1=" " ind2=" ">
    <subfield code="a">Includes index.</subfield>
  </datafield>
  <datafield tag="650" ind1=" " ind2="0">
    <subfield code="a">Hiking</subfield>
    <subfield code="z">Washington (State)</subfield>
    <subfield code="z">Spokane Region</subfield>
    <subfield code="v">Guidebooks.</subfield>
  </datafield>
  <datafield tag="650" ind1=" " ind2="0">
    <subfield code="a">Hiking</subfield>
    <subfield code="z">Idaho</subfield>
    <subfield code="z">Coeur d&apos;Alene Region</subfield>
    <subfield code="v">Guidebooks.</subfield>
  </datafield>
  <datafield tag="651" ind1=" " ind2="0">
    <subfield code="a">Spokane Region (Wash.)</subfield>
    <subfield code="v">Guidebooks.</subfield>
  </datafield>
  <datafield tag="651" ind1=" " ind2="0">
    <subfield code="a">Coeur d&apos;Alene Region (Idaho)</subfield>
    <subfield code="v">Guidebooks.</subfield>
  </datafield>
  <datafield tag="776" ind1="0" ind2="8">
    <subfield code="i">Online version:</subfield>
    <subfield code="a">Barstad, Fred, author.</subfield>
    <subfield code="t">Best easy day hikes SpokaneCoeur d&apos;Alene</subfield>
    <subfield code="b">Second Edition.</subfield>
    <subfield code="d">Guilford, Connecticut : FalconGuides, [2018]</subfield>
    <subfield code="z">9781493029792</subfield>
    <subfield code="w">(DLC) 2018022331</subfield>
  </datafield>
  <datafield tag="963" ind1=" " ind2=" ">
    <subfield code="a">Lynn Zelem; phone: 203-458-4522; fax: 203-458-4601; email: lzelem@rowman.com; bc: mmcclellan@rowman.com</subfield>
  </datafield>
</record>