
<record>
  <leader>03607cam a2200565 i 4500</leader>
  <controlfield tag="001">20493641</controlfield>
  <controlfield tag="005">20200102163104.0</controlfield>
  <controlfield tag="008">180504s2018    gw a     b    001 0 ger c</controlfield>
  <datafield tag="906" ind1=" " ind2=" ">
    <subfield code="a">7</subfield>
    <subfield code="b">cbc</subfield>
    <subfield code="c">pccadap</subfield>
    <subfield code="d">3</subfield>
    <subfield code="e">ncip</subfield>
    <subfield code="f">20</subfield>
    <subfield code="g">y-gencatlg</subfield>
  </datafield>
  <datafield tag="925" ind1="0" ind2=" ">
    <subfield code="a">acquire</subfield>
    <subfield code="b">1 shelf copy</subfield>
    <subfield code="x">policy default</subfield>
  </datafield>
  <datafield tag="955" ind1=" " ind2=" ">
    <subfield code="b">fd34 2019-02-08 z-processor</subfield>
    <subfield code="i">fd21 2020-01-02 to CALM</subfield>
  </datafield>
  <datafield tag="955" ind1=" " ind2=" ">
    <subfield code="a">ve21 2018-05-11</subfield>
    <subfield code="a">fd10 2018-06-18</subfield>
    <subfield code="a">fd00 2018-06-25 to GS/GER</subfield>
  </datafield>
  <datafield tag="010" ind1=" " ind2=" ">
    <subfield code="a">  2018383997</subfield>
  </datafield>
  <datafield tag="016" ind1="7" ind2=" ">
    <subfield code="a">1131888057</subfield>
    <subfield code="2">GyFmDB</subfield>
  </datafield>
  <datafield tag="016" ind1="7" ind2=" ">
    <subfield code="a">018839354</subfield>
    <subfield code="2">Uk</subfield>
  </datafield>
  <datafield tag="020" ind1=" " ind2=" ">
    <subfield code="a">9783506788214</subfield>
    <subfield code="q">(hardbound)</subfield>
  </datafield>
  <datafield tag="020" ind1=" " ind2=" ">
    <subfield code="a">3506788213</subfield>
    <subfield code="q">(hardbound)</subfield>
  </datafield>
  <datafield tag="024" ind1="3" ind2=" ">
    <subfield code="a">9783506788214</subfield>
  </datafield>
  <datafield tag="035" ind1=" " ind2=" ">
    <subfield code="a">(OCoLC)on1031436894</subfield>
  </datafield>
  <datafield tag="040" ind1=" " ind2=" ">
    <subfield code="a">OHX</subfield>
    <subfield code="b">eng</subfield>
    <subfield code="c">OHX</subfield>
    <subfield code="e">rda</subfield>
    <subfield code="d">OCLCO</subfield>
    <subfield code="d">INU</subfield>
    <subfield code="d">CGU</subfield>
    <subfield code="d">UBY</subfield>
    <subfield code="d">STF</subfield>
    <subfield code="d">OCLCF</subfield>
    <subfield code="d">UKMGB</subfield>
    <subfield code="d">DLC</subfield>
  </datafield>
  <datafield tag="042" ind1=" " ind2=" ">
    <subfield code="a">pcc</subfield>
  </datafield>
  <datafield tag="043" ind1=" " ind2=" ">
    <subfield code="a">e-gw---</subfield>
    <subfield code="a">e-ge---</subfield>
    <subfield code="a">e-gx---</subfield>
  </datafield>
  <datafield tag="050" ind1="0" ind2="0">
    <subfield code="a">DD257.4</subfield>
    <subfield code="b">.R335 2016</subfield>
  </datafield>
  <datafield tag="072" ind1=" " ind2="7">
    <subfield code="a">DD</subfield>
    <subfield code="2">lcco</subfield>
  </datafield>
  <datafield tag="072" ind1=" " ind2="7">
    <subfield code="a">JN</subfield>
    <subfield code="2">lcco</subfield>
  </datafield>
  <datafield tag="111" ind1="2" ind2=" ">
    <subfield code="a">Rhöndorfer Gespräch</subfield>
    <subfield code="n">(28th :</subfield>
    <subfield code="d">2016 :</subfield>
    <subfield code="c">Bad Honnef, Germany),</subfield>
    <subfield code="j">author.</subfield>
  </datafield>
  <datafield tag="245" ind1="1" ind2="4">
    <subfield code="a">Die Ämter und ihre Vergangenheit :</subfield>
    <subfield code="b">Ministerien und Behörden im geteilten Deutschland 1949-1972 /</subfield>
    <subfield code="c">herausgegeben von Stefan Creuzberger und Dominik Geppert.</subfield>
  </datafield>
  <datafield tag="264" ind1=" " ind2="1">
    <subfield code="a">Paderborn :</subfield>
    <subfield code="b">Ferdinand Schöningh,</subfield>
    <subfield code="c">2018.</subfield>
  </datafield>
  <datafield tag="300" ind1=" " ind2=" ">
    <subfield code="a">213 pages :</subfield>
    <subfield code="b">illustrations ;</subfield>
    <subfield code="c">24 cm.</subfield>
  </datafield>
  <datafield tag="336" ind1=" " ind2=" ">
    <subfield code="a">text</subfield>
    <subfield code="b">txt</subfield>
    <subfield code="2">rdacontent</subfield>
  </datafield>
  <datafield tag="337" ind1=" " ind2=" ">
    <subfield code="a">unmediated</subfield>
    <subfield code="b">n</subfield>
    <subfield code="2">rdamedia</subfield>
  </datafield>
  <datafield tag="338" ind1=" " ind2=" ">
    <subfield code="a">volume</subfield>
    <subfield code="b">nc</subfield>
    <subfield code="2">rdacarrier</subfield>
  </datafield>
  <datafield tag="490" ind1="1" ind2=" ">
    <subfield code="a">Rhöndorfer Gespräche,</subfield>
    <subfield code="x">0177-7815 ;</subfield>
    <subfield code="v">Band 28</subfield>
  </datafield>
  <datafield tag="504" ind1=" " ind2=" ">
    <subfield code="a">Includes bibliographical references and index.</subfield>
  </datafield>
  <datafield tag="505" ind1="0" ind2="0">
    <subfield code="t">Das Erbe des NS-Staats als deutsch-deutsches Problem : eine Einführung /</subfield>
    <subfield code="r">Stefan Creuzberger, Dominik Geppert --</subfield>
    <subfield code="t">Prinzipien und Pragmatismus : Konrad Adenauers Umgang mit der NS-Vergangenheit /</subfield>
    <subfield code="r">Corinna Franz --</subfield>
    <subfield code="t">Die heile Welt der Rosenburg : das Bundesministerium der Justiz und die NS-Vergangenheit /</subfield>
    <subfield code="r">Manfred Görtemaker --</subfield>
    <subfield code="t">Von der Deutschen Zentralverwaltung für Justiz zum Ministerium der Justiz : Personalpolitik im Übergang von der SBZ zur DDR (1945-1953) /</subfield>
    <subfield code="r">Hermann Wentker --</subfield>
    <subfield code="t">&quot;Im Mahlstrom der Zeit&quot; : Personalkontinuitäten und &quot;Vergangenheitsbewältigung&quot; im Bundeswirtschaftsministerium /</subfield>
    <subfield code="r">Bernhard Löffler --</subfield>
    <subfield code="t">Lasten der Vergangenheit? zur Personalrekrutierung und zu Karriereverläufen in der zentralen Wirtschaftsverwaltung der SBZ, DDR /</subfield>
    <subfield code="r">Dierk Hoffmann --</subfield>
    <subfield code="t">Im Schatten der Gestapo : Personelle Brüche und Kontinuitäten im Bundesamt für Verfassungsschutz /</subfield>
    <subfield code="r">Constantin Goschler --</subfield>
    <subfield code="t">NSDAP-Mitglieder im Ministerium für Staatssicherheit : zu den politischen Kosten des Aufbauenthusiasmus in der DDR-Gesellschaft /</subfield>
    <subfield code="r">Jens Gieseke --</subfield>
    <subfield code="t">Erfahrene Männer : das Personal der Innenministerien in Bonn und Ost-Berlin /</subfield>
    <subfield code="r">Frank Bosch, Andreas Wirsching --</subfield>
    <subfield code="t">Die Ämter und ihre Vergangenheit : eine Zwischenbilanz /</subfield>
    <subfield code="r">Stefan Creuzberger, Dominik Geppert --</subfield>
    <subfield code="g">Autorinnen und Autoren --</subfield>
    <subfield code="g">Abkürzungsverzeichnis --</subfield>
    <subfield code="g">Personenregister.</subfield>
  </datafield>
  <datafield tag="651" ind1=" " ind2="0">
    <subfield code="a">Germany</subfield>
    <subfield code="x">Politics and government</subfield>
    <subfield code="y">1945-1990.</subfield>
  </datafield>
  <datafield tag="651" ind1=" " ind2="0">
    <subfield code="a">Germany (West)</subfield>
    <subfield code="x">Politics and government.</subfield>
  </datafield>
  <datafield tag="651" ind1=" " ind2="0">
    <subfield code="a">Germany (East)</subfield>
    <subfield code="x">Politics and government.</subfield>
  </datafield>
  <datafield tag="650" ind1=" " ind2="0">
    <subfield code="a">Denazification.</subfield>
  </datafield>
  <datafield tag="650" ind1=" " ind2="7">
    <subfield code="a">Denazification.</subfield>
    <subfield code="2">fast</subfield>
    <subfield code="0">(OCoLC)fst00890254</subfield>
  </datafield>
  <datafield tag="650" ind1=" " ind2="7">
    <subfield code="a">Politics and government.</subfield>
    <subfield code="2">fast</subfield>
    <subfield code="0">(OCoLC)fst01919741</subfield>
  </datafield>
  <datafield tag="651" ind1=" " ind2="7">
    <subfield code="a">Germany.</subfield>
    <subfield code="2">fast</subfield>
    <subfield code="0">(OCoLC)fst01210272</subfield>
  </datafield>
  <datafield tag="651" ind1=" " ind2="7">
    <subfield code="a">Germany (East)</subfield>
    <subfield code="2">fast</subfield>
    <subfield code="0">(OCoLC)fst01210274</subfield>
  </datafield>
  <datafield tag="651" ind1=" " ind2="7">
    <subfield code="a">Germany (West)</subfield>
    <subfield code="2">fast</subfield>
    <subfield code="0">(OCoLC)fst01210273</subfield>
  </datafield>
  <datafield tag="648" ind1=" " ind2="7">
    <subfield code="a">1945-1990</subfield>
    <subfield code="2">fast</subfield>
  </datafield>
  <datafield tag="700" ind1="1" ind2=" ">
    <subfield code="a">Creuzberger, Stefan,</subfield>
    <subfield code="d">1961-</subfield>
    <subfield code="e">editor.</subfield>
  </datafield>
  <datafield tag="700" ind1="1" ind2=" ">
    <subfield code="a">Geppert, Dominik,</subfield>
    <subfield code="d">1970-</subfield>
    <subfield code="e">editor.</subfield>
  </datafield>
  <datafield tag="830" ind1=" " ind2="0">
    <subfield code="a">Rhöndorfer Gespräche ;</subfield>
    <subfield code="v">Bd. 28.</subfield>
  </datafield>
  <datafield tag="923" ind1=" " ind2=" ">
    <subfield code="d">20180502</subfield>
    <subfield code="n">0169833</subfield>
    <subfield code="s">GyWOH</subfield>
  </datafield>
  <datafield tag="985" ind1=" " ind2=" ">
    <subfield code="e">VENDOR LOAD</subfield>
  </datafield>
</record>