
<record>
  <leader>03024cam a2200445 i 4500</leader>
  <controlfield tag="001">20501715</controlfield>
  <controlfield tag="005">20200102094937.0</controlfield>
  <controlfield tag="008">180518t20182018bl       b    000 0 por c</controlfield>
  <datafield tag="906" ind1=" " ind2=" ">
    <subfield code="a">7</subfield>
    <subfield code="b">cbc</subfield>
    <subfield code="c">pccadap</subfield>
    <subfield code="d">2</subfield>
    <subfield code="e">ncip</subfield>
    <subfield code="f">20</subfield>
    <subfield code="g">y-gencatlg</subfield>
  </datafield>
  <datafield tag="925" ind1="0" ind2=" ">
    <subfield code="a">acquire</subfield>
    <subfield code="b">1 shelf copy</subfield>
    <subfield code="x">policy default</subfield>
  </datafield>
  <datafield tag="955" ind1=" " ind2=" ">
    <subfield code="b">wr27 2019-06-11 z-processor to I/R Office Section OTB19</subfield>
    <subfield code="a">be23 2019-07-10 OTB19 Received</subfield>
    <subfield code="e">be07 2019-07-23</subfield>
    <subfield code="w">xm06 2020-01-02</subfield>
  </datafield>
  <datafield tag="010" ind1=" " ind2=" ">
    <subfield code="a">  2018342685</subfield>
  </datafield>
  <datafield tag="020" ind1=" " ind2=" ">
    <subfield code="a">9788522520268</subfield>
  </datafield>
  <datafield tag="020" ind1=" " ind2=" ">
    <subfield code="a">8522520267</subfield>
  </datafield>
  <datafield tag="035" ind1=" " ind2=" ">
    <subfield code="a">(OCoLC)on1051002939</subfield>
  </datafield>
  <datafield tag="040" ind1=" " ind2=" ">
    <subfield code="a">MNU</subfield>
    <subfield code="b">eng</subfield>
    <subfield code="c">MNU</subfield>
    <subfield code="e">rda</subfield>
    <subfield code="d">MNU</subfield>
    <subfield code="d">OCLCF</subfield>
    <subfield code="d">CGU</subfield>
    <subfield code="d">DLC</subfield>
  </datafield>
  <datafield tag="042" ind1=" " ind2=" ">
    <subfield code="a">pcc</subfield>
  </datafield>
  <datafield tag="043" ind1=" " ind2=" ">
    <subfield code="a">s-bl---</subfield>
  </datafield>
  <datafield tag="050" ind1="0" ind2="0">
    <subfield code="a">UB405.B7</subfield>
    <subfield code="b">F35 2019</subfield>
  </datafield>
  <datafield tag="082" ind1="0" ind2="0">
    <subfield code="a">306.2/70981</subfield>
    <subfield code="2">23</subfield>
  </datafield>
  <datafield tag="245" ind1="0" ind2="2">
    <subfield code="a">A família militar no Brasil :</subfield>
    <subfield code="b">transformações e permanências /</subfield>
    <subfield code="c">Celso Castro, org.</subfield>
  </datafield>
  <datafield tag="250" ind1=" " ind2=" ">
    <subfield code="a">1a edição.</subfield>
  </datafield>
  <datafield tag="264" ind1=" " ind2="1">
    <subfield code="a">Rio de Janeiro, RJ, Brasil :</subfield>
    <subfield code="b">FGV Editora,</subfield>
    <subfield code="c">2018.</subfield>
  </datafield>
  <datafield tag="264" ind1=" " ind2="4">
    <subfield code="c">©2018</subfield>
  </datafield>
  <datafield tag="300" ind1=" " ind2=" ">
    <subfield code="a">218 pages ;</subfield>
    <subfield code="c">23 cm</subfield>
  </datafield>
  <datafield tag="336" ind1=" " ind2=" ">
    <subfield code="a">text</subfield>
    <subfield code="b">txt</subfield>
    <subfield code="2">rdacontent</subfield>
  </datafield>
  <datafield tag="337" ind1=" " ind2=" ">
    <subfield code="a">unmediated</subfield>
    <subfield code="b">n</subfield>
    <subfield code="2">rdamedia</subfield>
  </datafield>
  <datafield tag="338" ind1=" " ind2=" ">
    <subfield code="a">volume</subfield>
    <subfield code="b">nc</subfield>
    <subfield code="2">rdacarrier</subfield>
  </datafield>
  <datafield tag="504" ind1=" " ind2=" ">
    <subfield code="a">Includes bibliographical references.</subfield>
  </datafield>
  <datafield tag="505" ind1="0" ind2=" ">
    <subfield code="a">A &quot;tradicional família militar&quot; : autobiografias de mulheres de militares / Celso Castro -- Projeto e individualismo : considerações sobre a adesão das esposas ao projeto profissional dos oficiais do Exército brasileiro / Maria Cecília de Oliveira Adão -- Estrangeiras em terras desconhecidas : esposas de oficiais do Exército, transferências territoriais e inserção no mercado de trabalho / Sílvia Monnerat -- Família militar : apontamentos sobre uma comunidade performada / Fernanda Chinelli  -- Famílias na fronteira : experiências de esposas de militares na selva brasileira / Cristina Rodrigues da Silva -- Construção da subjetividade de mulheres de militares : discursos e contexto / Werusca Marques Virote de Sousa Pinto -- Mulheres casadas com militar : anotações sobre dinâmicas conjugais / Ester Nunes Praça da Silva e Lívia Alessandra Fialho Costa -- Família de militares : o caso dos Lima e Silva / Adriana Barreto de Souza -- Parentesco entre membros das Forças Armadas brasileiras / Alexandre de Souza Costa Barros -- Mulheres (in)visíveis no mundo militar / Mirian Goldenberg -- Famílias militares no Brasil e em Portugal : contrastes e continuidades / Helena Carreiras -- Sobre como os avatares da família militar vislumbram algumas transformações das Forças Armadas no Brasil e na Argentina : um exercício comparativo / Sabina Frederic.</subfield>
  </datafield>
  <datafield tag="650" ind1=" " ind2="0">
    <subfield code="a">Families of military personnel</subfield>
    <subfield code="z">Brazil.</subfield>
  </datafield>
  <datafield tag="650" ind1=" " ind2="0">
    <subfield code="a">Military spouses</subfield>
    <subfield code="z">Brazil.</subfield>
  </datafield>
  <datafield tag="650" ind1=" " ind2="0">
    <subfield code="a">Sociology, Military</subfield>
    <subfield code="z">Brazil.</subfield>
  </datafield>
  <datafield tag="650" ind1=" " ind2="7">
    <subfield code="a">Families of military personnel.</subfield>
    <subfield code="2">fast</subfield>
    <subfield code="0">(OCoLC)fst00920136</subfield>
  </datafield>
  <datafield tag="650" ind1=" " ind2="7">
    <subfield code="a">Military spouses.</subfield>
    <subfield code="2">fast</subfield>
    <subfield code="0">(OCoLC)fst01021483</subfield>
  </datafield>
  <datafield tag="650" ind1=" " ind2="7">
    <subfield code="a">Sociology, Military.</subfield>
    <subfield code="2">fast</subfield>
    <subfield code="0">(OCoLC)fst01123942</subfield>
  </datafield>
  <datafield tag="651" ind1=" " ind2="7">
    <subfield code="a">Brazil.</subfield>
    <subfield code="2">fast</subfield>
    <subfield code="0">(OCoLC)fst01206830</subfield>
  </datafield>
  <datafield tag="700" ind1="1" ind2=" ">
    <subfield code="a">Castro, Celso,</subfield>
    <subfield code="d">1963-</subfield>
    <subfield code="e">editor.</subfield>
  </datafield>
  <datafield tag="955" ind1=" " ind2=" ">
    <subfield code="b">wr14 2018-05-18</subfield>
  </datafield>
  <datafield tag="985" ind1=" " ind2=" ">
    <subfield code="e">ODE-rj</subfield>
  </datafield>
</record>