
<record>
  <leader>01480cam a2200349 i 4500</leader>
  <controlfield tag="001">20560411</controlfield>
  <controlfield tag="005">20200102064238.0</controlfield>
  <controlfield tag="008">180628s2017    ae a     b    000 0 ara  </controlfield>
  <datafield tag="906" ind1=" " ind2=" ">
    <subfield code="a">7</subfield>
    <subfield code="b">cbc</subfield>
    <subfield code="c">origode</subfield>
    <subfield code="d">3</subfield>
    <subfield code="e">ncip</subfield>
    <subfield code="f">20</subfield>
    <subfield code="g">y-nonroman</subfield>
  </datafield>
  <datafield tag="925" ind1="0" ind2=" ">
    <subfield code="a">acquire</subfield>
    <subfield code="b">1 shelf copy</subfield>
    <subfield code="x">policy default</subfield>
  </datafield>
  <datafield tag="955" ind1=" " ind2=" ">
    <subfield code="b">we52 2018-06-29 to ASME/ME</subfield>
    <subfield code="i">cm11 2019-12-30 Telework to AMED</subfield>
  </datafield>
  <datafield tag="010" ind1=" " ind2=" ">
    <subfield code="a">  2018351804</subfield>
  </datafield>
  <datafield tag="020" ind1=" " ind2=" ">
    <subfield code="a">9789947440452</subfield>
  </datafield>
  <datafield tag="037" ind1=" " ind2=" ">
    <subfield code="c">45.50 USD</subfield>
  </datafield>
  <datafield tag="040" ind1=" " ind2=" ">
    <subfield code="a">DLC</subfield>
    <subfield code="b">eng</subfield>
    <subfield code="e">rda</subfield>
    <subfield code="c">DLC</subfield>
  </datafield>
  <datafield tag="042" ind1=" " ind2=" ">
    <subfield code="a">pcc</subfield>
    <subfield code="a">lcode</subfield>
  </datafield>
  <datafield tag="043" ind1=" " ind2=" ">
    <subfield code="a">f-ae---</subfield>
  </datafield>
  <datafield tag="050" ind1="0" ind2="0">
    <subfield code="a">PJ8264</subfield>
    <subfield code="b">.B54 2017</subfield>
  </datafield>
  <datafield tag="066" ind1=" " ind2=" ">
    <subfield code="c">(3</subfield>
  </datafield>
  <datafield tag="100" ind1="1" ind2=" ">
    <subfield code="6">880-01</subfield>
    <subfield code="a">Bilḥājj, Limbārkī,</subfield>
    <subfield code="e">author.</subfield>
  </datafield>
  <datafield tag="880" ind1="1" ind2=" ">
    <subfield code="6">100-01/(3/r‏</subfield>
    <subfield code="a">‏بلحاج، لمباركي.</subfield>
  </datafield>
  <datafield tag="245" ind1="1" ind2="3">
    <subfield code="6">880-02</subfield>
    <subfield code="a">al-Jalfah, al-bidāiyah fī aʻlām wa-aqlām janūb al-wilaīyah /</subfield>
    <subfield code="c">al-Kātib al-Shāʻir Limbārkī Bilḥājj.</subfield>
  </datafield>
  <datafield tag="880" ind1="1" ind2="2">
    <subfield code="6">245-02/(3/r‏</subfield>
    <subfield code="a">‏الجلفة، البداية في أعلام واقلام جنوب الولاية /‏</subfield>
    <subfield code="c">‏الكاتب الشاعر لمباركي بلحاج.</subfield>
  </datafield>
  <datafield tag="264" ind1=" " ind2="1">
    <subfield code="6">880-04</subfield>
    <subfield code="a">al-Jazāʼir :</subfield>
    <subfield code="b">Dār al-Ḥikmah,</subfield>
    <subfield code="c">2017.</subfield>
  </datafield>
  <datafield tag="880" ind1=" " ind2="1">
    <subfield code="6">264-04/(3/r‏</subfield>
    <subfield code="a">‏الجزائر :‏</subfield>
    <subfield code="b">‏دار الحكمة،‏</subfield>
    <subfield code="c">‏‪2017‬.</subfield>
  </datafield>
  <datafield tag="300" ind1=" " ind2=" ">
    <subfield code="a">232 pages :</subfield>
    <subfield code="b">color illustrations ;</subfield>
    <subfield code="c">31 cm</subfield>
  </datafield>
  <datafield tag="336" ind1=" " ind2=" ">
    <subfield code="a">text</subfield>
    <subfield code="b">txt</subfield>
    <subfield code="2">rdacontent</subfield>
  </datafield>
  <datafield tag="337" ind1=" " ind2=" ">
    <subfield code="a">unmediated</subfield>
    <subfield code="b">n</subfield>
    <subfield code="2">rdamedia</subfield>
  </datafield>
  <datafield tag="338" ind1=" " ind2=" ">
    <subfield code="a">volume</subfield>
    <subfield code="b">nc</subfield>
    <subfield code="2">rdacarrier</subfield>
  </datafield>
  <datafield tag="504" ind1=" " ind2=" ">
    <subfield code="a">Includes bibliographical references (page 220).</subfield>
  </datafield>
  <datafield tag="650" ind1=" " ind2="0">
    <subfield code="a">Poets, Arab</subfield>
    <subfield code="z">Algeria</subfield>
    <subfield code="z">Djelfa</subfield>
    <subfield code="v">Biography.</subfield>
  </datafield>
  <datafield tag="985" ind1=" " ind2=" ">
    <subfield code="e">ODE-ca</subfield>
  </datafield>
</record>