
<record>
  <leader>02916cam a2200409 i 4500</leader>
  <controlfield tag="001">20567682</controlfield>
  <controlfield tag="005">20200102112040.0</controlfield>
  <controlfield tag="008">180705s2019    inu      b    001 0deng  </controlfield>
  <datafield tag="906" ind1=" " ind2=" ">
    <subfield code="a">7</subfield>
    <subfield code="b">cbc</subfield>
    <subfield code="c">orignew</subfield>
    <subfield code="d">1</subfield>
    <subfield code="e">ecip</subfield>
    <subfield code="f">20</subfield>
    <subfield code="g">y-gencatlg</subfield>
  </datafield>
  <datafield tag="925" ind1="0" ind2=" ">
    <subfield code="a">acquire</subfield>
    <subfield code="b">1 shelf copy</subfield>
    <subfield code="x">policy default</subfield>
  </datafield>
  <datafield tag="955" ind1=" " ind2=" ">
    <subfield code="b">cd06 2018-07-05</subfield>
    <subfield code="i">cd06 2018-07-05 telework to Dewey</subfield>
    <subfield code="w">xk14 2018-07-10 to CIP</subfield>
    <subfield code="a">xn11 2019-06-04 1 copy rec&apos;d., to CIP ver.</subfield>
    <subfield code="f">xk25 2019-06-14 to CALM</subfield>
  </datafield>
  <datafield tag="010" ind1=" " ind2=" ">
    <subfield code="a">  2018031198</subfield>
  </datafield>
  <datafield tag="020" ind1=" " ind2=" ">
    <subfield code="a">9780253041869</subfield>
    <subfield code="q">(hardcover ;</subfield>
    <subfield code="q">alk. paper)</subfield>
  </datafield>
  <datafield tag="020" ind1=" " ind2=" ">
    <subfield code="a">9780253041876</subfield>
    <subfield code="q">(softcover ;</subfield>
    <subfield code="q">alk. paper)</subfield>
  </datafield>
  <datafield tag="020" ind1=" " ind2=" ">
    <subfield code="z">9780253041883</subfield>
    <subfield code="q">(ebook)</subfield>
  </datafield>
  <datafield tag="040" ind1=" " ind2=" ">
    <subfield code="a">DLC</subfield>
    <subfield code="b">eng</subfield>
    <subfield code="c">DLC</subfield>
    <subfield code="e">rda</subfield>
    <subfield code="d">DLC</subfield>
  </datafield>
  <datafield tag="042" ind1=" " ind2=" ">
    <subfield code="a">pcc</subfield>
  </datafield>
  <datafield tag="043" ind1=" " ind2=" ">
    <subfield code="a">e-ur---</subfield>
  </datafield>
  <datafield tag="050" ind1="0" ind2="0">
    <subfield code="a">PJ5129.K27</subfield>
    <subfield code="b">Z78 2019</subfield>
  </datafield>
  <datafield tag="082" ind1="0" ind2="0">
    <subfield code="a">839/.0933</subfield>
    <subfield code="2">23</subfield>
  </datafield>
  <datafield tag="100" ind1="1" ind2=" ">
    <subfield code="a">Krutikov, Mikhail,</subfield>
    <subfield code="e">author.</subfield>
  </datafield>
  <datafield tag="245" ind1="1" ind2="0">
    <subfield code="a">Der Nister&apos;s Soviet years :</subfield>
    <subfield code="b">Yiddish writer as witness to the people /</subfield>
    <subfield code="c">Mikhail Krutikov.</subfield>
  </datafield>
  <datafield tag="250" ind1=" " ind2=" ">
    <subfield code="a">First edition.</subfield>
  </datafield>
  <datafield tag="264" ind1=" " ind2="1">
    <subfield code="a">Bloomington, Indiana :</subfield>
    <subfield code="b">Indiana Univesity Press,</subfield>
    <subfield code="c">[2019]</subfield>
  </datafield>
  <datafield tag="300" ind1=" " ind2=" ">
    <subfield code="a">ix, 308 pages ;</subfield>
    <subfield code="c">23 cm.</subfield>
  </datafield>
  <datafield tag="336" ind1=" " ind2=" ">
    <subfield code="a">text</subfield>
    <subfield code="b">txt</subfield>
    <subfield code="2">rdacontent</subfield>
  </datafield>
  <datafield tag="337" ind1=" " ind2=" ">
    <subfield code="a">unmediated</subfield>
    <subfield code="b">n</subfield>
    <subfield code="2">rdamedia</subfield>
  </datafield>
  <datafield tag="338" ind1=" " ind2=" ">
    <subfield code="a">volume</subfield>
    <subfield code="b">nc</subfield>
    <subfield code="2">rdacarrier</subfield>
  </datafield>
  <datafield tag="490" ind1="0" ind2=" ">
    <subfield code="a">Jews in Eastern Europe</subfield>
  </datafield>
  <datafield tag="504" ind1=" " ind2=" ">
    <subfield code="a">Includes bibliographical references (pages 281-292) and index.</subfield>
  </datafield>
  <datafield tag="505" ind1="0" ind2=" ">
    <subfield code="a">1. 1929: The year of the great turn and the end of symbolism -- 2. From symbolism to reality: space, politics and self in Hoyptshtet -- 3. The 1930s in children&apos;s poetry -- 4. The generation of 1905 -- 5. Text and context of the Family Mashber -- 6. The last decade, 1939-1949: revealing &quot;The Hidden&quot;.</subfield>
  </datafield>
  <datafield tag="520" ind1=" " ind2=" ">
    <subfield code="a">&quot;In Der Nisters Soviet Years, author Mikhail Krutikov focuses on the second half of the dramatic writing career of Soviet Yiddish writer Der Nister, pen name of Pinhas Kahanovich (1884-1950). Krutikov follows Der Nisters painful but ultimately successful literary transformation from his symbolist roots to social realism under severe ideological pressure from Soviet critics and authorities. This volume reveals how profoundly Der Nister was affected by the destruction of Jewish life during WWII and his own personal misfortunes. While Der Nister was writing a history of his generation, he was arrested for anti-government activities and died tragically from a botched surgery in the Gulag. Krutikov illustrates why Der Nisters work is so important to understandings of Soviet literature, the Russian Revolution, and the catastrophic demise of the Jewish community under Stalin&quot;--</subfield>
    <subfield code="c">Provided by publisher.</subfield>
  </datafield>
  <datafield tag="600" ind1="1" ind2="0">
    <subfield code="a">Nister,</subfield>
    <subfield code="d">1884-1950</subfield>
    <subfield code="x">Criticism and interpretation.</subfield>
  </datafield>
  <datafield tag="650" ind1=" " ind2="0">
    <subfield code="a">Yiddish literature</subfield>
    <subfield code="x">History and criticism.</subfield>
  </datafield>
  <datafield tag="600" ind1="1" ind2="0">
    <subfield code="a">Nister,</subfield>
    <subfield code="d">1884-1950.</subfield>
  </datafield>
  <datafield tag="650" ind1=" " ind2="0">
    <subfield code="a">Authors, Yiddish</subfield>
    <subfield code="z">Soviet Union</subfield>
    <subfield code="v">Biography.</subfield>
  </datafield>
  <datafield tag="776" ind1="0" ind2="8">
    <subfield code="i">Online version:</subfield>
    <subfield code="a">Krutikov, Mikhail, author.</subfield>
    <subfield code="t">Der Nister&apos;s Soviet years</subfield>
    <subfield code="b">First edition.</subfield>
    <subfield code="d">Bloomington, Indiana : Indiana Univesity Press, [2019]</subfield>
    <subfield code="z">9780253041883</subfield>
    <subfield code="w">(DLC) 2018033171</subfield>
  </datafield>
</record>