
<record>
  <leader>02882cam a22003255a 4500</leader>
  <controlfield tag="001">20578285</controlfield>
  <controlfield tag="005">20200102165329.0</controlfield>
  <controlfield tag="008">180711s2019    enka     b    001 0 eng d</controlfield>
  <datafield tag="906" ind1=" " ind2=" ">
    <subfield code="a">0</subfield>
    <subfield code="b">ibc</subfield>
    <subfield code="c">copycat</subfield>
    <subfield code="d">2</subfield>
    <subfield code="e">epcn</subfield>
    <subfield code="f">20</subfield>
    <subfield code="g">y-gencatlg</subfield>
  </datafield>
  <datafield tag="925" ind1="0" ind2=" ">
    <subfield code="a">Acquire</subfield>
    <subfield code="b">1 shelf copy</subfield>
    <subfield code="x">policy default</subfield>
  </datafield>
  <datafield tag="955" ind1=" " ind2=" ">
    <subfield code="a">pc16 2018-07-11</subfield>
    <subfield code="a">xn11 2019-12-30 1 copy rec&apos;d., to USPRLL</subfield>
    <subfield code="b">xk15 2020-01-02 z-processor</subfield>
  </datafield>
  <datafield tag="010" ind1=" " ind2=" ">
    <subfield code="a">  2018951255</subfield>
  </datafield>
  <datafield tag="015" ind1=" " ind2=" ">
    <subfield code="a">GBB950812</subfield>
    <subfield code="2">bnb</subfield>
  </datafield>
  <datafield tag="016" ind1="7" ind2=" ">
    <subfield code="a">019307780</subfield>
    <subfield code="2">Uk</subfield>
  </datafield>
  <datafield tag="020" ind1=" " ind2=" ">
    <subfield code="a">9780199676897</subfield>
  </datafield>
  <datafield tag="020" ind1=" " ind2=" ">
    <subfield code="a">0199676895</subfield>
  </datafield>
  <datafield tag="035" ind1=" " ind2=" ">
    <subfield code="a">(OCoLC)on1048936100</subfield>
  </datafield>
  <datafield tag="040" ind1=" " ind2=" ">
    <subfield code="a">YDX</subfield>
    <subfield code="b">eng</subfield>
    <subfield code="c">YDX</subfield>
    <subfield code="d">OCLCQ</subfield>
    <subfield code="d">BDX</subfield>
    <subfield code="d">UKMGB</subfield>
    <subfield code="d">ERASA</subfield>
    <subfield code="d">OCLCQ</subfield>
    <subfield code="d">CDX</subfield>
    <subfield code="d">OCLCO</subfield>
    <subfield code="d">DLC</subfield>
  </datafield>
  <datafield tag="042" ind1=" " ind2=" ">
    <subfield code="a">lccopycat</subfield>
  </datafield>
  <datafield tag="082" ind1="0" ind2="4">
    <subfield code="a">828.809</subfield>
    <subfield code="2">23</subfield>
  </datafield>
  <datafield tag="097" ind1="0" ind2="0">
    <subfield code="a">PR4532</subfield>
    <subfield code="b">.M65 2019</subfield>
  </datafield>
  <datafield tag="100" ind1="1" ind2=" ">
    <subfield code="a">De Quincey, Thomas,</subfield>
    <subfield code="d">1785-1859,</subfield>
    <subfield code="e">author.</subfield>
  </datafield>
  <datafield tag="245" ind1="1" ind2="0">
    <subfield code="a">Thomas De Quincey /</subfield>
    <subfield code="c">edited by Robert Morrison.</subfield>
  </datafield>
  <datafield tag="264" ind1=" " ind2="1">
    <subfield code="a">Oxford :</subfield>
    <subfield code="b">Oxford University Press,</subfield>
    <subfield code="c">2019.</subfield>
  </datafield>
  <datafield tag="300" ind1=" " ind2=" ">
    <subfield code="a">1 volume :</subfield>
    <subfield code="b">illustrations (black and white) ;</subfield>
    <subfield code="c">22 cm</subfield>
  </datafield>
  <datafield tag="336" ind1=" " ind2=" ">
    <subfield code="a">text</subfield>
    <subfield code="b">txt</subfield>
    <subfield code="2">rdacontent</subfield>
  </datafield>
  <datafield tag="337" ind1=" " ind2=" ">
    <subfield code="a">unmediated</subfield>
    <subfield code="b">n</subfield>
    <subfield code="2">rdamedia</subfield>
  </datafield>
  <datafield tag="338" ind1=" " ind2=" ">
    <subfield code="a">volume</subfield>
    <subfield code="b">nc</subfield>
    <subfield code="2">rdacarrier</subfield>
  </datafield>
  <datafield tag="490" ind1="0" ind2=" ">
    <subfield code="a">21st century Oxford authors</subfield>
  </datafield>
  <datafield tag="520" ind1="8" ind2=" ">
    <subfield code="a">This volume in the 21st Century Oxford Authors series offers students an authoritative, comprehensive selection of the work of Thomas De Quincey (1785-1859). The edition presents De Quincey&apos;s work in all of its rich variety, and offers the most thorough and accurate annotation of De Quincey&apos;s major works ever compiled.0Thomas De Quincey: 21st-Century Oxford Authors is the most comprehensive selection of De Quincey&apos;s writings published in decades, and includes all the essays that made him a major figure in his own age, and that give him a burgeoning relevance in ours. The volume features complete versions of his three most famous works of impassioned autobiography-Confessions of an English Opium-Eater (1821), Suspiria de Profundis (1845), and &apos;The English Mail-Coach&apos; (1849)-as well as a great deal of manuscript material related to these works, and an extensive selection from his revised version of the Confessions (1856). It contains all three of his essays &apos;On Murder Considered as One of the Fine Arts&apos; (1827, 1839, and 1854), the first two instalments of which are brilliant exercises in satirical high jinks, and the final instalment of which is a graphic account of the notorious Radcliffe Highway killings of 1811. It features lengthy excerpts from De Quincey&apos;s biographical recollections of &apos;Samuel Taylor Coleridge&apos; (1834) and &apos;William Wordsworth&apos; (1839), both of whom De Quincey admired intensely, though his personal relationship with both poets eventually collapsed into bitterness and self-justification. It features De Quincey&apos;s finest pieces of literary criticism, including &apos;On the Knocking0at the Gate in Macbeth&apos; (1823) and his two searching examinations of &apos;The Literature Knowledge and the Literature of Power&apos; (1823 and (1848). 0.</subfield>
  </datafield>
</record>