
<record>
  <leader>04534cam a22003978i 4500</leader>
  <controlfield tag="001">20585966</controlfield>
  <controlfield tag="005">20200102115226.0</controlfield>
  <controlfield tag="008">180611s2018    enk      b    001 0 eng c</controlfield>
  <datafield tag="906" ind1=" " ind2=" ">
    <subfield code="a">0</subfield>
    <subfield code="b">vip</subfield>
    <subfield code="c">orignew</subfield>
    <subfield code="d">1</subfield>
    <subfield code="e">ecip</subfield>
    <subfield code="f">20</subfield>
    <subfield code="g">y-gencatlg</subfield>
  </datafield>
  <datafield tag="925" ind1="0" ind2=" ">
    <subfield code="a">acquire</subfield>
    <subfield code="b">1 shelf copy</subfield>
    <subfield code="x">policy default</subfield>
  </datafield>
  <datafield tag="955" ind1=" " ind2=" ">
    <subfield code="a">LBSOR</subfield>
    <subfield code="e">rk02 2018-07-19 to Dewey (telework)</subfield>
    <subfield code="w">xm07 2018-07-19</subfield>
    <subfield code="a">xn16 2019-07-16 1 copy rec&apos;d., to CIP ver.</subfield>
    <subfield code="a">rk20 2019-07-22 book received in ART</subfield>
  </datafield>
  <datafield tag="010" ind1=" " ind2=" ">
    <subfield code="a">  2018001079</subfield>
  </datafield>
  <datafield tag="020" ind1=" " ind2=" ">
    <subfield code="a">9780567675224 (hardback)</subfield>
  </datafield>
  <datafield tag="020" ind1=" " ind2=" ">
    <subfield code="z">9780567675231 (ePDF)</subfield>
  </datafield>
  <datafield tag="040" ind1=" " ind2=" ">
    <subfield code="a">LBSOR/DLC</subfield>
    <subfield code="b">eng</subfield>
    <subfield code="c">LBSOR</subfield>
    <subfield code="e">rda</subfield>
  </datafield>
  <datafield tag="042" ind1=" " ind2=" ">
    <subfield code="a">pcc</subfield>
  </datafield>
  <datafield tag="050" ind1="0" ind2="0">
    <subfield code="a">BS2506.3</subfield>
    <subfield code="b">.E26 2018</subfield>
  </datafield>
  <datafield tag="082" ind1="0" ind2="0">
    <subfield code="a">225.9/2</subfield>
    <subfield code="2">23</subfield>
  </datafield>
  <datafield tag="245" ind1="0" ind2="4">
    <subfield code="a">The early reception of Paul the Second Temple Jew :</subfield>
    <subfield code="b">text, narrative and reception history /</subfield>
    <subfield code="c">edited by Isaac W. Oliver, Gabriele Boccaccini and Joshua Scott.</subfield>
  </datafield>
  <datafield tag="263" ind1=" " ind2=" ">
    <subfield code="a">1111</subfield>
  </datafield>
  <datafield tag="264" ind1=" " ind2="1">
    <subfield code="a">London :</subfield>
    <subfield code="b">T&amp;T Clark,</subfield>
    <subfield code="c">2018.</subfield>
  </datafield>
  <datafield tag="300" ind1=" " ind2=" ">
    <subfield code="a">pages cm.</subfield>
  </datafield>
  <datafield tag="336" ind1=" " ind2=" ">
    <subfield code="a">text</subfield>
    <subfield code="2">rdacontent</subfield>
  </datafield>
  <datafield tag="337" ind1=" " ind2=" ">
    <subfield code="a">unmediated</subfield>
    <subfield code="2">rdamedia</subfield>
  </datafield>
  <datafield tag="338" ind1=" " ind2=" ">
    <subfield code="a">volume</subfield>
    <subfield code="2">rdacarrier</subfield>
  </datafield>
  <datafield tag="490" ind1="0" ind2=" ">
    <subfield code="a">Library of second temple studies ;</subfield>
    <subfield code="v">volume 92</subfield>
  </datafield>
  <datafield tag="520" ind1=" " ind2=" ">
    <subfield code="a">&quot;Paul was a Pharisaic Jew whose moment of revelation on the road to Damascus has made him the most famous early Christian convert. His relationship to Christianity is and has been a topic of great interest to scholars of early Christianity and Judaism. This collection of essays examines how Christians of the first two centuries perceived Paul&apos;s Jewishness and how they seized upon Paul&apos;s views on Judaism in order to advance their own claims about Christianity. The essays offer a comprehensive examination of various Christian views on Paul in texts contained both in and outside of the New Testament. Thus, the essays elucidate how the reception of Paul&apos;s thought affected the formation of Judaism and Christianity into separate entities. The chapters include an analysis of Marcion, Paul and the Jews by Judith Lieu, as well as musing on the placement of Acts in Pauline Research by James H. Charlesworth and an analysis of Paul in relation to the Greek Old Testament from Harry O. Maier&quot;--</subfield>
    <subfield code="c">Provided by publisher.</subfield>
  </datafield>
  <datafield tag="504" ind1=" " ind2=" ">
    <subfield code="a">Includes bibliographical references and index.</subfield>
  </datafield>
  <datafield tag="505" ind1="0" ind2=" ">
    <subfield code="a">The construction of Gentiles in the Letter to the Ephesians / Matthew Thiessen -- &quot;You who once were far off have been brought near.&quot; The Ethne-in-Christ according to Ephesians / William S. Campbell -- Ephesians in the Jewish political debate of the first century : rethinking Paul&apos;s approach in facing new challenges / Eric Noffke -- Colossians&apos; grounding traditionalization of Paul / Anders Klostergaard Petersen -- The shadow and the substance : early reception of Paul the Jew in the Letter to the Colossians / James Waddell --  Master nations : Pauline trajectories according to 1 Timothy / Kathy Ehrensperger -- Jew against Jew : the reception of Paul in Matthew&apos;s Christian Jewish community / David C. Sim -- Paul among his enemies? Exploring potential theological traits in the Pseudo-Clementines / Giovanni B. Bazzana -- John of Patmos and the Apostle Paul : antimony or affinity? / Joel Willits -- Why should experts ignore Acts in Pauline research? / James H. Charlesworth -- Jewish sensibilities and the search for the Jewish Paul - the Lukan Paul viewed through Josephan Judaism : interplay with Apion 2:190-219  / George Carras -- The calling of Paul in the Acts of the Apostles / Isaac W. Oliver -- Luke&apos;s portrait of Paul in Acts 21:17-26 / David Rudolph -- Marcion, Paul and the Jews / Judith Lieu -- Paul&apos;s problematic relation to Judaism in the Seneca-Paul original correspondence (2nd century CE?) / Ilaria L.E. Ramelli -- Reading James, re-reading Paul / David Nienhuis -- Gentile Judaizing in the Dialogue with Trypho : a test case for Justin&apos;s reception of Paul / Benjamin White -- &quot;As if by Paul&quot;? Some remarks on the textual strategy of anonymity in Hebrews / Gabriella Gelardini -- The scripturalization of letters from &quot;our beloved brother&quot; Paul in 2 Peter / David Downs -- Paul, the Greek Old Testament, and the promotion of the Flavian order in 1 Clement / Harry O. Maier.</subfield>
  </datafield>
  <datafield tag="600" ind1="0" ind2="0">
    <subfield code="a">Paul,</subfield>
    <subfield code="c">the Apostle, Saint</subfield>
    <subfield code="x">Conversion.</subfield>
  </datafield>
  <datafield tag="630" ind1="0" ind2="0">
    <subfield code="a">Bible.</subfield>
    <subfield code="p">Epistles of Paul</subfield>
    <subfield code="x">Criticism, interpretation, etc.</subfield>
  </datafield>
  <datafield tag="700" ind1="1" ind2=" ">
    <subfield code="a">Oliver, Isaac W.,</subfield>
    <subfield code="d">1980-</subfield>
    <subfield code="e">editor.</subfield>
  </datafield>
  <datafield tag="700" ind1="1" ind2=" ">
    <subfield code="a">Boccaccini, Gabriele,</subfield>
    <subfield code="d">1958-</subfield>
    <subfield code="e">editor.</subfield>
  </datafield>
  <datafield tag="700" ind1="1" ind2=" ">
    <subfield code="a">Scott, Joshua</subfield>
    <subfield code="c">(Editor),</subfield>
    <subfield code="e">editor.</subfield>
  </datafield>
  <datafield tag="963" ind1=" " ind2=" ">
    <subfield code="a">Meredith Benson; phone: +44-020 76315539; email: meredith.benson@bloomsbury.com; bc: meredith.benson@bloomsbury.com</subfield>
  </datafield>
  <datafield tag="985" ind1=" " ind2=" ">
    <subfield code="a">LBSORCIP</subfield>
    <subfield code="d">2018-07-17</subfield>
  </datafield>
</record>