
<record>
  <leader>02537cam a2200385 i 4500</leader>
  <controlfield tag="001">20586542</controlfield>
  <controlfield tag="005">20200102123900.0</controlfield>
  <controlfield tag="008">180717s2019    ctuab    b    001 0deng  </controlfield>
  <datafield tag="906" ind1=" " ind2=" ">
    <subfield code="a">7</subfield>
    <subfield code="b">cbc</subfield>
    <subfield code="c">orignew</subfield>
    <subfield code="d">1</subfield>
    <subfield code="e">ecip</subfield>
    <subfield code="f">20</subfield>
    <subfield code="g">y-gencatlg</subfield>
  </datafield>
  <datafield tag="925" ind1="0" ind2=" ">
    <subfield code="a">acquire</subfield>
    <subfield code="b">2 shelf copies</subfield>
    <subfield code="x">policy default (ex.)</subfield>
  </datafield>
  <datafield tag="955" ind1=" " ind2=" ">
    <subfield code="b">rf11 2018-07-17</subfield>
    <subfield code="i">rf11 2018-07-17 to SL</subfield>
    <subfield code="e">rf07 2018-07-17 OT to Dewey</subfield>
    <subfield code="w">xm09 2018-07-18</subfield>
    <subfield code="a">xn11 2019-08-13 1 copy rec&apos;d., to CIP ver.</subfield>
    <subfield code="f">rf06 2019-08-23 (telework) to CALM</subfield>
  </datafield>
  <datafield tag="010" ind1=" " ind2=" ">
    <subfield code="a">  2018033857</subfield>
  </datafield>
  <datafield tag="020" ind1=" " ind2=" ">
    <subfield code="a">9780819576200 (cloth : alk. paper)</subfield>
  </datafield>
  <datafield tag="020" ind1=" " ind2=" ">
    <subfield code="z">9780819578556 (ebook)</subfield>
  </datafield>
  <datafield tag="040" ind1=" " ind2=" ">
    <subfield code="a">DLC</subfield>
    <subfield code="b">eng</subfield>
    <subfield code="c">DLC</subfield>
    <subfield code="e">rda</subfield>
    <subfield code="d">DLC</subfield>
  </datafield>
  <datafield tag="042" ind1=" " ind2=" ">
    <subfield code="a">pcc</subfield>
  </datafield>
  <datafield tag="050" ind1="0" ind2="0">
    <subfield code="a">F104.H3</subfield>
    <subfield code="b">C27 2019</subfield>
  </datafield>
  <datafield tag="082" ind1="0" ind2="0">
    <subfield code="a">974.6/3</subfield>
    <subfield code="2">23</subfield>
  </datafield>
  <datafield tag="100" ind1="1" ind2=" ">
    <subfield code="a">Campbell, Susan,</subfield>
    <subfield code="d">1959-</subfield>
    <subfield code="e">author.</subfield>
  </datafield>
  <datafield tag="245" ind1="1" ind2="0">
    <subfield code="a">Frog Hollow :</subfield>
    <subfield code="b">stories from an American neighborhood /</subfield>
    <subfield code="c">Susan Campbell.</subfield>
  </datafield>
  <datafield tag="264" ind1=" " ind2="1">
    <subfield code="a">Middletown, Connecticut :</subfield>
    <subfield code="b">Wesleyan University Press,</subfield>
    <subfield code="c">[2019]</subfield>
  </datafield>
  <datafield tag="300" ind1=" " ind2=" ">
    <subfield code="a">xv, 226 pages :</subfield>
    <subfield code="b">illustrations, map ;</subfield>
    <subfield code="c">23 cm.</subfield>
  </datafield>
  <datafield tag="336" ind1=" " ind2=" ">
    <subfield code="a">text</subfield>
    <subfield code="b">txt</subfield>
    <subfield code="2">rdacontent</subfield>
  </datafield>
  <datafield tag="337" ind1=" " ind2=" ">
    <subfield code="a">unmediated</subfield>
    <subfield code="b">n</subfield>
    <subfield code="2">rdamedia</subfield>
  </datafield>
  <datafield tag="338" ind1=" " ind2=" ">
    <subfield code="a">volume</subfield>
    <subfield code="b">nc</subfield>
    <subfield code="2">rdacarrier</subfield>
  </datafield>
  <datafield tag="490" ind1="0" ind2=" ">
    <subfield code="a">HartfordBooks</subfield>
  </datafield>
  <datafield tag="504" ind1=" " ind2=" ">
    <subfield code="a">Includes bibliographical references and index.</subfield>
  </datafield>
  <datafield tag="505" ind1="0" ind2=" ">
    <subfield code="a">The difficult dream: the Babcocks dig a well and launch a newspaper -- An opportunity for each: Colonel Pope comes to town and helps build an industrial powerhouse -- A dream of social order: the government segregates a neighborhood -- The fullest stature: original residents are pushed out, the neighborhood gets a reputation-and everyone is baseball crazy -- To be recognized: the children of Frog Hollow find champions, and the Newsies fight back -- Each man and woman: the Reverend Pennington is free -- Growing weary and mistrustful: the neighborhood gets an orphanage -- They are innately capable: Dominick Burns opens a bank, and Maria Sánchez shepherds a political force -- Regardless of fortuitous circumstances: the ghosts that walk Frog Hollow&apos;s streets, and where they&apos;re heading.</subfield>
  </datafield>
  <datafield tag="651" ind1=" " ind2="0">
    <subfield code="a">Frog Hollow (Hartford, Conn.)</subfield>
    <subfield code="x">History</subfield>
    <subfield code="v">Anecdotes.</subfield>
  </datafield>
  <datafield tag="651" ind1=" " ind2="0">
    <subfield code="a">Frog Hollow (Hartford, Conn.)</subfield>
    <subfield code="x">Social life and customs</subfield>
    <subfield code="v">Anecdotes.</subfield>
  </datafield>
  <datafield tag="651" ind1=" " ind2="0">
    <subfield code="a">Frog Hollow (Hartford, Conn.)</subfield>
    <subfield code="v">Biography</subfield>
    <subfield code="v">Anecdotes.</subfield>
  </datafield>
  <datafield tag="651" ind1=" " ind2="0">
    <subfield code="a">Hartford (Conn.)</subfield>
    <subfield code="x">History</subfield>
    <subfield code="v">Anecdotes.</subfield>
  </datafield>
  <datafield tag="651" ind1=" " ind2="0">
    <subfield code="a">Hartford (Conn.)</subfield>
    <subfield code="x">Social life and customs</subfield>
    <subfield code="v">Anecdotes.</subfield>
  </datafield>
  <datafield tag="651" ind1=" " ind2="0">
    <subfield code="a">Hartford (Conn.)</subfield>
    <subfield code="v">Biography</subfield>
    <subfield code="v">Anecdotes.</subfield>
  </datafield>
  <datafield tag="776" ind1="0" ind2="8">
    <subfield code="i">Online version:</subfield>
    <subfield code="a">Campbell, Susan, 1959- author.</subfield>
    <subfield code="t">Frog Hollow</subfield>
    <subfield code="d">Middletown, Connecticut : Wesleyan University Press, [2019]</subfield>
    <subfield code="z">9780819578556</subfield>
    <subfield code="w">(DLC) 2018034562</subfield>
  </datafield>
</record>