
<record>
  <leader>02158cam a22003978i 4500</leader>
  <controlfield tag="001">20610319</controlfield>
  <controlfield tag="005">20200102160511.0</controlfield>
  <controlfield tag="008">180802s2018    mau      b    000 0aeng  </controlfield>
  <datafield tag="906" ind1=" " ind2=" ">
    <subfield code="a">0</subfield>
    <subfield code="b">vip</subfield>
    <subfield code="c">orignew</subfield>
    <subfield code="d">1</subfield>
    <subfield code="e">ecip</subfield>
    <subfield code="f">20</subfield>
    <subfield code="g">y-gencatlg</subfield>
  </datafield>
  <datafield tag="925" ind1="0" ind2=" ">
    <subfield code="a">acquire</subfield>
    <subfield code="b">2 shelf copies</subfield>
    <subfield code="x">policy default (ex.)</subfield>
  </datafield>
  <datafield tag="955" ind1=" " ind2=" ">
    <subfield code="b">cd06 2018-08-02</subfield>
    <subfield code="i">cd06 2018-08-02 telework to Dewey</subfield>
    <subfield code="w">xm09 2018-08-02</subfield>
    <subfield code="a">xn11 2020-01-02 1 copy rec&apos;d., to CIP ver.</subfield>
  </datafield>
  <datafield tag="010" ind1=" " ind2=" ">
    <subfield code="a">  2018036414</subfield>
  </datafield>
  <datafield tag="020" ind1=" " ind2=" ">
    <subfield code="a">9781512603514 (hardcover : alk. paper)</subfield>
  </datafield>
  <datafield tag="020" ind1=" " ind2=" ">
    <subfield code="a">9781512603521 (pbk.)</subfield>
  </datafield>
  <datafield tag="040" ind1=" " ind2=" ">
    <subfield code="a">DLC</subfield>
    <subfield code="b">eng</subfield>
    <subfield code="c">DLC</subfield>
    <subfield code="e">rda</subfield>
  </datafield>
  <datafield tag="042" ind1=" " ind2=" ">
    <subfield code="a">pcc</subfield>
  </datafield>
  <datafield tag="043" ind1=" " ind2=" ">
    <subfield code="a">n-us-ny</subfield>
  </datafield>
  <datafield tag="050" ind1="0" ind2="0">
    <subfield code="a">F128.9.J5</subfield>
    <subfield code="b">D66 2018</subfield>
  </datafield>
  <datafield tag="082" ind1="0" ind2="0">
    <subfield code="a">305.48/8924</subfield>
    <subfield code="2">23</subfield>
  </datafield>
  <datafield tag="100" ind1="1" ind2=" ">
    <subfield code="a">Doniger, Wendy,</subfield>
    <subfield code="e">author.</subfield>
  </datafield>
  <datafield tag="245" ind1="1" ind2="4">
    <subfield code="a">The Donigers of Great Neck :</subfield>
    <subfield code="b">a mythologized memoir /</subfield>
    <subfield code="c">Wendy Doniger.</subfield>
  </datafield>
  <datafield tag="263" ind1=" " ind2=" ">
    <subfield code="a">1111</subfield>
  </datafield>
  <datafield tag="264" ind1=" " ind2="1">
    <subfield code="a">Waltham, Massachusetts :</subfield>
    <subfield code="b">Brandeis University Press,</subfield>
    <subfield code="c">[2018]</subfield>
  </datafield>
  <datafield tag="300" ind1=" " ind2=" ">
    <subfield code="a">pages cm.</subfield>
  </datafield>
  <datafield tag="336" ind1=" " ind2=" ">
    <subfield code="a">text</subfield>
    <subfield code="b">txt</subfield>
    <subfield code="2">rdacontent</subfield>
  </datafield>
  <datafield tag="337" ind1=" " ind2=" ">
    <subfield code="a">unmediated</subfield>
    <subfield code="b">n</subfield>
    <subfield code="2">rdamedia</subfield>
  </datafield>
  <datafield tag="338" ind1=" " ind2=" ">
    <subfield code="a">volume</subfield>
    <subfield code="b">nc</subfield>
    <subfield code="2">rdacarrier</subfield>
  </datafield>
  <datafield tag="490" ind1="0" ind2=" ">
    <subfield code="a">The Mandel Lectures in the Humanities at Brandeis University</subfield>
  </datafield>
  <datafield tag="504" ind1=" " ind2=" ">
    <subfield code="a">Includes bibliographical references.</subfield>
  </datafield>
  <datafield tag="520" ind1=" " ind2=" ">
    <subfield code="a">&quot;This is the story of the contrasting Judaisms that Wendy Doniger&apos;s two parents brought from their very different homes in Europe during World War I; of their paths to a shared but sharply bifurcated life in America during World War II, her father a publisher, her mother a political activist; and of the ways in which their attitudes to religion in general, and Judaism in particular, influenced the author&apos;s development as a Jewish woman and a scholar of religion&quot;--</subfield>
    <subfield code="c">Provided by publisher.</subfield>
  </datafield>
  <datafield tag="600" ind1="1" ind2="0">
    <subfield code="a">Doniger, Wendy</subfield>
    <subfield code="x">Family.</subfield>
  </datafield>
  <datafield tag="650" ind1=" " ind2="0">
    <subfield code="a">Jewish women</subfield>
    <subfield code="z">New York</subfield>
    <subfield code="z">Great Neck</subfield>
    <subfield code="v">Biography.</subfield>
  </datafield>
  <datafield tag="650" ind1=" " ind2="0">
    <subfield code="a">Authors, American</subfield>
    <subfield code="z">New York</subfield>
    <subfield code="z">Great Neck</subfield>
    <subfield code="v">Biography.</subfield>
  </datafield>
  <datafield tag="650" ind1=" " ind2="0">
    <subfield code="a">Sanskritists</subfield>
    <subfield code="z">New York</subfield>
    <subfield code="z">Great Neck</subfield>
    <subfield code="v">Biography.</subfield>
  </datafield>
  <datafield tag="776" ind1="0" ind2="8">
    <subfield code="i">Online version:</subfield>
    <subfield code="a">Doniger, Wendy, author.</subfield>
    <subfield code="t">Donigers of Great Neck</subfield>
    <subfield code="d">Waltham, Massachusetts : Brandeis University Press, [2018]</subfield>
    <subfield code="z">9781512603538</subfield>
    <subfield code="w">(DLC) 2018037238</subfield>
  </datafield>
  <datafield tag="963" ind1=" " ind2=" ">
    <subfield code="a">Sylvia Fried; phone: 781-736-2125; email: fuks@brandeis.edu; bc: fuks@brandeis.edu</subfield>
  </datafield>
</record>