
<record>
  <leader>02489cam a2200421 i 4500</leader>
  <controlfield tag="001">20625841</controlfield>
  <controlfield tag="005">20200102144039.0</controlfield>
  <controlfield tag="008">180727s2016    xn a          000 0 mac  </controlfield>
  <datafield tag="906" ind1=" " ind2=" ">
    <subfield code="a">7</subfield>
    <subfield code="b">cbc</subfield>
    <subfield code="c">origres</subfield>
    <subfield code="d">2</subfield>
    <subfield code="e">ncip</subfield>
    <subfield code="f">20</subfield>
    <subfield code="g">y-nonroman</subfield>
  </datafield>
  <datafield tag="925" ind1="0" ind2=" ">
    <subfield code="a">acquire</subfield>
    <subfield code="b">1 shelf copy</subfield>
    <subfield code="x">policy default</subfield>
  </datafield>
  <datafield tag="955" ind1=" " ind2=" ">
    <subfield code="a">ve31 2018-08-10</subfield>
    <subfield code="b">fd50 2018-08-28 to Law</subfield>
    <subfield code="i">xg10 2019-02-21 to BCCD</subfield>
  </datafield>
  <datafield tag="010" ind1=" " ind2=" ">
    <subfield code="a">  2018422165</subfield>
    <subfield code="z">  2019434202</subfield>
  </datafield>
  <datafield tag="035" ind1=" " ind2=" ">
    <subfield code="a">(MK-OhLT)lit000000004193</subfield>
  </datafield>
  <datafield tag="040" ind1=" " ind2=" ">
    <subfield code="a">DLC</subfield>
    <subfield code="b">eng</subfield>
    <subfield code="e">rda</subfield>
    <subfield code="c">DLC</subfield>
    <subfield code="d">DLC</subfield>
  </datafield>
  <datafield tag="042" ind1=" " ind2=" ">
    <subfield code="a">pcc</subfield>
  </datafield>
  <datafield tag="043" ind1=" " ind2=" ">
    <subfield code="a">e-xn---</subfield>
  </datafield>
  <datafield tag="050" ind1="0" ind2="0">
    <subfield code="a">KKK960</subfield>
    <subfield code="b">.P48 2016</subfield>
  </datafield>
  <datafield tag="066" ind1=" " ind2=" ">
    <subfield code="c">(N</subfield>
    <subfield code="c">(Q</subfield>
  </datafield>
  <datafield tag="100" ind1="1" ind2=" ">
    <subfield code="a">Petrovska, Natali,</subfield>
    <subfield code="e">author.</subfield>
  </datafield>
  <datafield tag="245" ind1="1" ind2="0">
    <subfield code="6">880-01</subfield>
    <subfield code="a">Analiza na podatocite od nabljuduvanite sudski postapki vo 2016 godina /</subfield>
    <subfield code="c">Natali Petrovska, Boban Misoski = Analizë e të dhënave nga monitorimi procedurave gjyqësore në vitin 2016 / Natali Petrovska, Boban Misoski = Analysis of data collected from trial monitoring in 2016 / Natali Petrovska, Boban Misoski.</subfield>
  </datafield>
  <datafield tag="880" ind1="1" ind2="0">
    <subfield code="6">245-01/(N</subfield>
    <subfield code="a">Анализа на податоците од набљудуваните судски постапки во 2016 година /</subfield>
    <subfield code="c">Натали Петровска, Бобан Мисоски = Analizë e të dhënave nga monitorimi procedurave gjyqësore në vitin 2016 / Natali Petrovska, Boban Misoski = Analysis of data collected from trial monitoring in 2016 / Natali Petrovska, Boban Misoski.</subfield>
  </datafield>
  <datafield tag="246" ind1="3" ind2="1">
    <subfield code="a">Analizë e të dhënave nga monitorimi procedurave gjyqësore në vitin 2016</subfield>
  </datafield>
  <datafield tag="246" ind1="3" ind2="1">
    <subfield code="a">Analysis of data collected from trial monitoring in 2016</subfield>
  </datafield>
  <datafield tag="264" ind1=" " ind2="1">
    <subfield code="6">880-02</subfield>
    <subfield code="a">Skopje :</subfield>
    <subfield code="b">Koalicija &quot;Site za pravično sudenje&quot;,</subfield>
    <subfield code="c">2016.</subfield>
  </datafield>
  <datafield tag="880" ind1=" " ind2="1">
    <subfield code="6">264-02/(N</subfield>
    <subfield code="a">Скопје :</subfield>
    <subfield code="b">Коалиција &quot;Сите за правично судење&quot;,</subfield>
    <subfield code="c">2016.</subfield>
  </datafield>
  <datafield tag="300" ind1=" " ind2=" ">
    <subfield code="a">120 pages :</subfield>
    <subfield code="b">color illustrations ;</subfield>
    <subfield code="c">25 cm</subfield>
  </datafield>
  <datafield tag="336" ind1=" " ind2=" ">
    <subfield code="a">text</subfield>
    <subfield code="b">txt</subfield>
    <subfield code="2">rdacontent</subfield>
  </datafield>
  <datafield tag="337" ind1=" " ind2=" ">
    <subfield code="a">unmediated</subfield>
    <subfield code="b">n</subfield>
    <subfield code="2">rdamedia</subfield>
  </datafield>
  <datafield tag="338" ind1=" " ind2=" ">
    <subfield code="a">volume</subfield>
    <subfield code="b">nc</subfield>
    <subfield code="2">rdacarrier</subfield>
  </datafield>
  <datafield tag="500" ind1=" " ind2=" ">
    <subfield code="a">Parallel title from added title pages.</subfield>
  </datafield>
  <datafield tag="500" ind1=" " ind2=" ">
    <subfield code="6">880-03</subfield>
    <subfield code="a">At head of title: Koalicija &quot;Site za pravično sudenje&quot; -- Skopje. Misija OBSE vo Skopje.</subfield>
  </datafield>
  <datafield tag="880" ind1=" " ind2=" ">
    <subfield code="6">500-03/(N</subfield>
    <subfield code="a">At head of title: Коалиција &quot;Сите за правично судење&quot; -- Скопје. Мисија ОБСЕ во Скопје.</subfield>
  </datafield>
  <datafield tag="650" ind1=" " ind2="0">
    <subfield code="a">Criminal procedure</subfield>
    <subfield code="z">North Macedonia.</subfield>
  </datafield>
  <datafield tag="650" ind1=" " ind2="0">
    <subfield code="a">Courts</subfield>
    <subfield code="z">North Macedonia.</subfield>
  </datafield>
  <datafield tag="650" ind1=" " ind2="0">
    <subfield code="a">Fair trial</subfield>
    <subfield code="z">North Macedonia.</subfield>
  </datafield>
  <datafield tag="700" ind1="1" ind2=" ">
    <subfield code="a">Misoski, Boban,</subfield>
    <subfield code="e">author.</subfield>
  </datafield>
  <datafield tag="923" ind1=" " ind2=" ">
    <subfield code="d">20180718</subfield>
    <subfield code="n">29/18</subfield>
    <subfield code="s">MK-OhLT</subfield>
  </datafield>
  <datafield tag="985" ind1=" " ind2=" ">
    <subfield code="e">VENDOR LOAD</subfield>
  </datafield>
</record>