
<record>
  <leader>03499cam a2200409 i 4500</leader>
  <controlfield tag="001">20646237</controlfield>
  <controlfield tag="005">20200102154339.0</controlfield>
  <controlfield tag="008">180813s2018    enk      b    001 0 eng c</controlfield>
  <datafield tag="906" ind1=" " ind2=" ">
    <subfield code="a">7</subfield>
    <subfield code="b">cbc</subfield>
    <subfield code="c">orignew</subfield>
    <subfield code="d">1</subfield>
    <subfield code="e">ecip</subfield>
    <subfield code="f">20</subfield>
    <subfield code="g">y-gencatlg</subfield>
  </datafield>
  <datafield tag="925" ind1="0" ind2=" ">
    <subfield code="a">acquire</subfield>
    <subfield code="b">1 shelf copy</subfield>
    <subfield code="x">policy default</subfield>
  </datafield>
  <datafield tag="955" ind1=" " ind2=" ">
    <subfield code="a">LBSOR</subfield>
    <subfield code="e">rk02 2018-08-28 to Dewey (telework)</subfield>
    <subfield code="w">xm06 2018-09-01</subfield>
    <subfield code="a">xn11 2019-09-09 1 copy rec&apos;d., to CIP ver.</subfield>
    <subfield code="a">rk20 2019-09-17 book received in ART</subfield>
    <subfield code="f">re24 2019-12-06 to CALM</subfield>
  </datafield>
  <datafield tag="010" ind1=" " ind2=" ">
    <subfield code="a">  2018030780</subfield>
  </datafield>
  <datafield tag="020" ind1=" " ind2=" ">
    <subfield code="a">9781350086517</subfield>
    <subfield code="q">(hardback)</subfield>
  </datafield>
  <datafield tag="020" ind1=" " ind2=" ">
    <subfield code="z">9781350086524</subfield>
    <subfield code="q">(epdf)</subfield>
  </datafield>
  <datafield tag="020" ind1=" " ind2=" ">
    <subfield code="z">9781350086531</subfield>
    <subfield code="q">(ebook)</subfield>
  </datafield>
  <datafield tag="040" ind1=" " ind2=" ">
    <subfield code="a">LBSOR/DLC</subfield>
    <subfield code="b">eng</subfield>
    <subfield code="c">LBSOR</subfield>
    <subfield code="e">rda</subfield>
    <subfield code="d">DLC</subfield>
  </datafield>
  <datafield tag="042" ind1=" " ind2=" ">
    <subfield code="a">pcc</subfield>
  </datafield>
  <datafield tag="043" ind1=" " ind2=" ">
    <subfield code="a">a-ja---</subfield>
  </datafield>
  <datafield tag="050" ind1="0" ind2="0">
    <subfield code="a">BQ9800.A362</subfield>
    <subfield code="b">B34 2018</subfield>
  </datafield>
  <datafield tag="082" ind1="0" ind2="0">
    <subfield code="a">294.3/9</subfield>
    <subfield code="2">23</subfield>
  </datafield>
  <datafield tag="100" ind1="1" ind2=" ">
    <subfield code="a">Baffelli, Erica,</subfield>
    <subfield code="d">1976-</subfield>
    <subfield code="e">author.</subfield>
  </datafield>
  <datafield tag="245" ind1="1" ind2="0">
    <subfield code="a">Dynamism and the ageing of a Japanese &apos;new&apos; religion :</subfield>
    <subfield code="b">transformations and the founder /</subfield>
    <subfield code="c">Erica Baffelli and Ian Reader.</subfield>
  </datafield>
  <datafield tag="250" ind1=" " ind2=" ">
    <subfield code="a">First edition.</subfield>
  </datafield>
  <datafield tag="264" ind1=" " ind2="1">
    <subfield code="a">London ;</subfield>
    <subfield code="a">New York :</subfield>
    <subfield code="b">Bloomsbury Academic,</subfield>
    <subfield code="c">2018.</subfield>
  </datafield>
  <datafield tag="300" ind1=" " ind2=" ">
    <subfield code="a">203 pages  ;</subfield>
    <subfield code="c">25 cm</subfield>
  </datafield>
  <datafield tag="336" ind1=" " ind2=" ">
    <subfield code="a">text</subfield>
    <subfield code="2">rdacontent</subfield>
  </datafield>
  <datafield tag="337" ind1=" " ind2=" ">
    <subfield code="a">unmediated</subfield>
    <subfield code="2">rdamedia</subfield>
  </datafield>
  <datafield tag="338" ind1=" " ind2=" ">
    <subfield code="a">volume</subfield>
    <subfield code="2">rdacarrier</subfield>
  </datafield>
  <datafield tag="520" ind1=" " ind2=" ">
    <subfield code="a">&quot;This book examines the trajectory and development of the Japanese religious movement, Agonshu, commonly portrayed in Japan as a &apos;new religion&apos;, and its charismatic founder Kiriyama Seiyu. Based on field research spanning 30 years it examines Agonshu from when it first captured attention in the 1980s with its spectacular rituals and use of media technologies, through a period of stagnation, until its response to the 2016 death of its founder. Via an in-depth profile of Agonshu and the pivotal role of Kiriyama Seiyu as founder, the authors examine and critique the concept of &apos;new religions&apos;, and discuss the nature and significance of charisma, charismatic leadership and religious entrepreneurship. The book discusses the &apos;democratisation&apos; of practice and the demands made by movements such as Agonshu on members, while examining how a movement that developed in Japan has expressed seemingly universal concepts while becoming increasingly focused on revisionist nationalism and issues of Japanese identity. In examining the dilemma religions commonly face on the deaths of charismatic founders, Baffelli and Reader look at Agonshu&apos;s response to Kiriyama&apos;s death, how and why it has transformed a human founder into a figure of worship, and how, through such founder veneration, it has become increasingly normative in Japanese contexts. By examining Agonshu in the wider context, the authors draw attention to the importance of understanding the trajectories of &apos;new&apos; religions and how they can become &apos;old&apos; even within their first generation&quot;--</subfield>
    <subfield code="c">Provided by publisher.</subfield>
  </datafield>
  <datafield tag="504" ind1=" " ind2=" ">
    <subfield code="a">Includes bibliographical references and index.</subfield>
  </datafield>
  <datafield tag="505" ind1="0" ind2=" ">
    <subfield code="a">Situating Agonshu : the concept of &apos;new religions&apos; in modern Japan -- The story of a religious founder : Kiriyama Seiyu, turmoil, charisma and experience -- Teaching as practice : ritual, benefits and the costs of devotion -- From the world to Japan : the nationalism of an ageing movement -- Transcending death : the birth and spiritual messages of the second Buddha -- Concluding comments : founder worship and the problem of the &apos;new&apos;.</subfield>
  </datafield>
  <datafield tag="610" ind1="2" ind2="0">
    <subfield code="a">Agonshū.</subfield>
  </datafield>
  <datafield tag="600" ind1="1" ind2="0">
    <subfield code="a">Kiriyama, Seiyū,</subfield>
    <subfield code="d">1921-2016.</subfield>
  </datafield>
  <datafield tag="650" ind1=" " ind2="0">
    <subfield code="a">Buddhism</subfield>
    <subfield code="z">Japan</subfield>
    <subfield code="x">Doctrines.</subfield>
  </datafield>
  <datafield tag="651" ind1=" " ind2="0">
    <subfield code="a">Japan</subfield>
    <subfield code="x">Religion.</subfield>
  </datafield>
  <datafield tag="700" ind1="1" ind2=" ">
    <subfield code="a">Reader, Ian,</subfield>
    <subfield code="d">1949-</subfield>
    <subfield code="e">editor.</subfield>
  </datafield>
  <datafield tag="985" ind1=" " ind2=" ">
    <subfield code="a">LBSORCIP</subfield>
    <subfield code="d">2018-08-27</subfield>
  </datafield>
</record>