
<record>
  <leader>03255cam a2200481 i 4500</leader>
  <controlfield tag="001">20650839</controlfield>
  <controlfield tag="005">20200102134112.0</controlfield>
  <controlfield tag="008">180829s2017    cc a     b    000 0 chi c</controlfield>
  <datafield tag="906" ind1=" " ind2=" ">
    <subfield code="a">7</subfield>
    <subfield code="b">cbc</subfield>
    <subfield code="c">pccadap</subfield>
    <subfield code="d">3</subfield>
    <subfield code="e">ncip</subfield>
    <subfield code="f">20</subfield>
    <subfield code="g">y-nonroman</subfield>
  </datafield>
  <datafield tag="925" ind1="0" ind2=" ">
    <subfield code="a">acquire</subfield>
    <subfield code="b">1 shelf copy</subfield>
    <subfield code="x">policy default</subfield>
  </datafield>
  <datafield tag="955" ind1=" " ind2=" ">
    <subfield code="b">cc04 2020-01-02 z-processor</subfield>
    <subfield code="i">cc04 2020-01-02 to Asian</subfield>
  </datafield>
  <datafield tag="010" ind1=" " ind2=" ">
    <subfield code="a">  2018384267</subfield>
  </datafield>
  <datafield tag="020" ind1=" " ind2=" ">
    <subfield code="a">9787542660114</subfield>
  </datafield>
  <datafield tag="020" ind1=" " ind2=" ">
    <subfield code="a">754266011X</subfield>
  </datafield>
  <datafield tag="035" ind1=" " ind2=" ">
    <subfield code="a">(OCoLC)on1090798137</subfield>
  </datafield>
  <datafield tag="040" ind1=" " ind2=" ">
    <subfield code="a">HMY</subfield>
    <subfield code="b">eng</subfield>
    <subfield code="e">rda</subfield>
    <subfield code="c">HMY</subfield>
    <subfield code="d">OCLCO</subfield>
    <subfield code="d">IUL</subfield>
    <subfield code="d">OCLCO</subfield>
    <subfield code="d">OCLCA</subfield>
    <subfield code="d">OCLCF</subfield>
    <subfield code="d">STF</subfield>
    <subfield code="d">DLC</subfield>
  </datafield>
  <datafield tag="042" ind1=" " ind2=" ">
    <subfield code="a">pcc</subfield>
  </datafield>
  <datafield tag="050" ind1="0" ind2="0">
    <subfield code="a">PL2727.S2</subfield>
    <subfield code="b">S8345 2017</subfield>
  </datafield>
  <datafield tag="066" ind1=" " ind2=" ">
    <subfield code="c">$1</subfield>
  </datafield>
  <datafield tag="100" ind1="1" ind2=" ">
    <subfield code="6">880-01</subfield>
    <subfield code="a">Sun, Yizu,</subfield>
    <subfield code="d">1945-</subfield>
    <subfield code="e">author.</subfield>
  </datafield>
  <datafield tag="880" ind1="1" ind2=" ">
    <subfield code="6">100-01/$1</subfield>
    <subfield code="a">孙怡祖,</subfield>
    <subfield code="d">1945-,</subfield>
    <subfield code="e">author.</subfield>
  </datafield>
  <datafield tag="245" ind1="1" ind2="0">
    <subfield code="6">880-02</subfield>
    <subfield code="a">Qin Liangyu yu shi tou ji chu tan /</subfield>
    <subfield code="c">Sun Yizu, Sun Yi zhu.</subfield>
  </datafield>
  <datafield tag="880" ind1="1" ind2="0">
    <subfield code="6">245-02/$1</subfield>
    <subfield code="a">秦良玉与《石头记》初探 /</subfield>
    <subfield code="c">孙怡祖, 孙翼著.</subfield>
  </datafield>
  <datafield tag="250" ind1=" " ind2=" ">
    <subfield code="6">880-03</subfield>
    <subfield code="a">Di 1 ban.</subfield>
  </datafield>
  <datafield tag="880" ind1=" " ind2=" ">
    <subfield code="6">250-03/$1</subfield>
    <subfield code="a">第1版.</subfield>
  </datafield>
  <datafield tag="264" ind1=" " ind2="1">
    <subfield code="6">880-04</subfield>
    <subfield code="a">Shanghai :</subfield>
    <subfield code="b">Shanghai san lian shu dian,</subfield>
    <subfield code="c">2017.</subfield>
  </datafield>
  <datafield tag="880" ind1=" " ind2="1">
    <subfield code="6">264-04/$1</subfield>
    <subfield code="a">上海 :</subfield>
    <subfield code="b">上海三联书店,</subfield>
    <subfield code="c">2017.</subfield>
  </datafield>
  <datafield tag="300" ind1=" " ind2=" ">
    <subfield code="a">129 pages, 11 unnumbered pages of plate :</subfield>
    <subfield code="b">illustrations ;</subfield>
    <subfield code="c">24 cm</subfield>
  </datafield>
  <datafield tag="336" ind1=" " ind2=" ">
    <subfield code="a">text</subfield>
    <subfield code="b">txt</subfield>
    <subfield code="2">rdacontent</subfield>
  </datafield>
  <datafield tag="337" ind1=" " ind2=" ">
    <subfield code="a">unmediated</subfield>
    <subfield code="2">rdamedia</subfield>
  </datafield>
  <datafield tag="338" ind1=" " ind2=" ">
    <subfield code="a">volume</subfield>
    <subfield code="b">nc</subfield>
    <subfield code="2">rdacarrier</subfield>
  </datafield>
  <datafield tag="504" ind1=" " ind2=" ">
    <subfield code="a">Includes bibliographical references (pages 116-117).</subfield>
  </datafield>
  <datafield tag="520" ind1=" " ind2=" ">
    <subfield code="6">880-05</subfield>
    <subfield code="a">Ben shu zhuo zhong tan suo fen xi le zhe jian &apos;Yu shi ru yi&apos; bu ping fan de piao bo jing li, fa xian ta de mei yi ci zhu liu yu qi cheng dou you ru hang hai zhong di yi ye pian zhou, mei jing yi di dou you yi duan bu ping fan er you chuan qi de jing li, bing qie zai shi jian, di dian, ren wen ji zheng zhi huan jing deng zhong duo jie dian shang dou shi na me jing ren de qi he, cong &quot;Hong lou meng&quot; qian ba shi hui de gu shi qing jie he zhi yan zhai, Ji Husou de pi yu zhong ye xian lu le bu shao yu zhe jian yu qi xiang guan de yin yu, fa xian le Cao Xueqin de bi mo zhong shi yong zhe xie yi yu wei dao ju nai zhi gu shi de qing jie, dui hua yi ji shi ci, bu yue er tong di ba zhi zhen dou zhi xiang le Qianlong suo ti de na jian yu.</subfield>
  </datafield>
  <datafield tag="880" ind1=" " ind2=" ">
    <subfield code="6">520-05/$1</subfield>
    <subfield code="a">本书着重探索分析了这件 &apos;玉石如意&apos; 不平凡的漂泊经历, 发现它的每一次驻留与启程都犹如航海中的一叶扁舟, 每经一地都有一段不平凡而又传奇的经历, 并且在时间, 地点, 人文及政治环境等众多节点上都是那么惊人的契合, 从 &quot;红楼梦&quot; 前八十回的故事情节和脂砚斋, 畸笏叟的批语中也显露了不少与这件玉器相关的隐喻, 发现了曹雪芹的笔墨中使用这些以玉为道具乃至故事的情节, 对话以及诗词, 不约而同地把指针都指向了乾隆所题的那件玉.</subfield>
  </datafield>
  <datafield tag="600" ind1="1" ind2="0">
    <subfield code="6">880-06</subfield>
    <subfield code="a">Cao, Xueqin,</subfield>
    <subfield code="d">approximately 1717-1763.</subfield>
    <subfield code="t">Hong lou meng.</subfield>
  </datafield>
  <datafield tag="880" ind1="1" ind2="4">
    <subfield code="6">600-06/$1</subfield>
    <subfield code="a">曹雪芹,</subfield>
    <subfield code="d">approximately 1717-1763.</subfield>
    <subfield code="t">红楼梦.</subfield>
  </datafield>
  <datafield tag="600" ind1="1" ind2="0">
    <subfield code="6">880-07</subfield>
    <subfield code="a">Qin, Liangyu,</subfield>
    <subfield code="d">1574-1648.</subfield>
  </datafield>
  <datafield tag="880" ind1="1" ind2="4">
    <subfield code="6">600-07/$1</subfield>
    <subfield code="a">秦良玉,</subfield>
    <subfield code="d">1574-1648.</subfield>
  </datafield>
  <datafield tag="600" ind1="1" ind2="7">
    <subfield code="a">Qin, Liangyu,</subfield>
    <subfield code="d">1574-1648.</subfield>
    <subfield code="2">fast</subfield>
    <subfield code="0">(OCoLC)fst00247968</subfield>
  </datafield>
  <datafield tag="630" ind1="0" ind2="7">
    <subfield code="a">Hong lou meng (Cao, Xueqin)</subfield>
    <subfield code="2">fast</subfield>
    <subfield code="0">(OCoLC)fst01357354</subfield>
  </datafield>
  <datafield tag="700" ind1="1" ind2=" ">
    <subfield code="6">880-08</subfield>
    <subfield code="a">Sun, Yi</subfield>
    <subfield code="c">(Writer on Chinese art),</subfield>
    <subfield code="e">author.</subfield>
  </datafield>
  <datafield tag="880" ind1="1" ind2=" ">
    <subfield code="6">700-08/$1</subfield>
    <subfield code="a">孙翼</subfield>
    <subfield code="c">(Writer on Chinese art),</subfield>
    <subfield code="e">author.</subfield>
  </datafield>
  <datafield tag="923" ind1=" " ind2=" ">
    <subfield code="s">BZT</subfield>
  </datafield>
</record>