
<record>
  <leader>01976cam a22003617i 4500</leader>
  <controlfield tag="001">20653338</controlfield>
  <controlfield tag="005">20200102092241.0</controlfield>
  <controlfield tag="008">180830s2019    cau      b    001 0 eng d</controlfield>
  <datafield tag="906" ind1=" " ind2=" ">
    <subfield code="a">7</subfield>
    <subfield code="b">cbc</subfield>
    <subfield code="c">copycat</subfield>
    <subfield code="d">2</subfield>
    <subfield code="e">epcn</subfield>
    <subfield code="f">20</subfield>
    <subfield code="g">y-gencatlg</subfield>
  </datafield>
  <datafield tag="925" ind1="0" ind2=" ">
    <subfield code="a">acquire</subfield>
    <subfield code="b">1 shelf copy</subfield>
    <subfield code="x">policy default</subfield>
  </datafield>
  <datafield tag="955" ind1=" " ind2=" ">
    <subfield code="b">rk06 2019-07-09 z-processor</subfield>
    <subfield code="i">rk06 2019-07-11 to Dewey</subfield>
    <subfield code="w">xm07 2019-11-20</subfield>
  </datafield>
  <datafield tag="010" ind1=" " ind2=" ">
    <subfield code="a">  2018956802</subfield>
  </datafield>
  <datafield tag="020" ind1=" " ind2=" ">
    <subfield code="a">162164281X</subfield>
  </datafield>
  <datafield tag="020" ind1=" " ind2=" ">
    <subfield code="a">9781621642817</subfield>
  </datafield>
  <datafield tag="035" ind1=" " ind2=" ">
    <subfield code="a">(OCoLC)on1076509119</subfield>
  </datafield>
  <datafield tag="040" ind1=" " ind2=" ">
    <subfield code="a">YDX</subfield>
    <subfield code="b">eng</subfield>
    <subfield code="c">YDX</subfield>
    <subfield code="e">rda</subfield>
    <subfield code="d">BDX</subfield>
    <subfield code="d">OCLCQ</subfield>
    <subfield code="d">PCJ</subfield>
    <subfield code="d">JES</subfield>
    <subfield code="d">DLC</subfield>
  </datafield>
  <datafield tag="042" ind1=" " ind2=" ">
    <subfield code="a">lccopycat</subfield>
  </datafield>
  <datafield tag="050" ind1="0" ind2="0">
    <subfield code="a">BX1751.3</subfield>
    <subfield code="b">.M864 2019</subfield>
  </datafield>
  <datafield tag="082" ind1="0" ind2="0">
    <subfield code="a">230/.2</subfield>
    <subfield code="2">23</subfield>
  </datafield>
  <datafield tag="100" ind1="1" ind2=" ">
    <subfield code="a">Müller, Gerhard,</subfield>
    <subfield code="d">1929-</subfield>
  </datafield>
  <datafield tag="245" ind1="1" ind2="4">
    <subfield code="a">The power of truth :</subfield>
    <subfield code="b">the challenges to Catholic morals and doctrine today /</subfield>
    <subfield code="c">Gerhard Cardinal Müller.</subfield>
  </datafield>
  <datafield tag="264" ind1=" " ind2="1">
    <subfield code="a">San Francisco :</subfield>
    <subfield code="b">Ignatius Press,</subfield>
    <subfield code="c">2019.</subfield>
  </datafield>
  <datafield tag="300" ind1=" " ind2=" ">
    <subfield code="a">174 pages ;</subfield>
    <subfield code="c">21 cm</subfield>
  </datafield>
  <datafield tag="336" ind1=" " ind2=" ">
    <subfield code="a">text</subfield>
    <subfield code="b">txt</subfield>
    <subfield code="2">rdacontent</subfield>
  </datafield>
  <datafield tag="337" ind1=" " ind2=" ">
    <subfield code="a">unmediated</subfield>
    <subfield code="b">n</subfield>
    <subfield code="2">rdamedia</subfield>
  </datafield>
  <datafield tag="338" ind1=" " ind2=" ">
    <subfield code="a">volume</subfield>
    <subfield code="b">nc</subfield>
    <subfield code="2">rdacarrier</subfield>
  </datafield>
  <datafield tag="500" ind1=" " ind2=" ">
    <subfield code="a">Collection of essays; some have been published previously.</subfield>
  </datafield>
  <datafield tag="504" ind1=" " ind2=" ">
    <subfield code="a">Includes bibliographical references and indexes.</subfield>
  </datafield>
  <datafield tag="505" ind1="0" ind2="0">
    <subfield code="t">By what authority? --</subfield>
    <subfield code="t">Development or corruption? Can there be &quot;paradigm shifts&quot; in the interpretation of the deposit of faith? --</subfield>
    <subfield code="t">Is there a saving truth? The salvific relevance of the rule of faith --</subfield>
    <subfield code="t">What does it mean to say, I absolve you --</subfield>
    <subfield code="t">Who may receive communion? --</subfield>
    <subfield code="t">Testimony to the power of grace: on the indissolubility of marriage and the debate concerning the civilly remarried and the sacraments --</subfield>
    <subfield code="t">Humanae vitae and the revolution of love --</subfield>
    <subfield code="t">The question of God today --</subfield>
    <subfield code="t">The Church in dialogue: Vatican II today --</subfield>
    <subfield code="t">Faith&apos;s political witness: the demands of justice and love --</subfield>
    <subfield code="g">Appendix:</subfield>
    <subfield code="t">Manifesto of faith.</subfield>
  </datafield>
  <datafield tag="610" ind1="2" ind2="0">
    <subfield code="a">Catholic Church</subfield>
    <subfield code="x">Doctrines.</subfield>
  </datafield>
  <datafield tag="650" ind1=" " ind2="0">
    <subfield code="a">Christian ethics</subfield>
    <subfield code="x">Catholic authors.</subfield>
  </datafield>
  <datafield tag="610" ind1="2" ind2="0">
    <subfield code="a">Catholic Church</subfield>
    <subfield code="x">History</subfield>
    <subfield code="y">21st century.</subfield>
  </datafield>
  <datafield tag="650" ind1=" " ind2="7">
    <subfield code="a">Theology, Doctrinal.</subfield>
    <subfield code="2">fast</subfield>
    <subfield code="0">(OCoLC)fst01149617</subfield>
  </datafield>
</record>