
<record>
  <leader>03035cam a2200397 i 4500</leader>
  <controlfield tag="001">20659306</controlfield>
  <controlfield tag="005">20200102171615.0</controlfield>
  <controlfield tag="008">180906s2019    nyua          000 0beng  </controlfield>
  <datafield tag="906" ind1=" " ind2=" ">
    <subfield code="a">7</subfield>
    <subfield code="b">cbc</subfield>
    <subfield code="c">orignew</subfield>
    <subfield code="d">1</subfield>
    <subfield code="e">ecip</subfield>
    <subfield code="f">20</subfield>
    <subfield code="g">y-gencatlg</subfield>
  </datafield>
  <datafield tag="925" ind1="0" ind2=" ">
    <subfield code="a">acquire</subfield>
    <subfield code="b">1 shelf copy</subfield>
    <subfield code="x">policy default</subfield>
  </datafield>
  <datafield tag="955" ind1=" " ind2=" ">
    <subfield code="b">re23 2018-09-06</subfield>
    <subfield code="i">re23 2018-09-06 ONIX (telework) to SL</subfield>
    <subfield code="e">re06 2018-09-06 (telework) to Dewey</subfield>
    <subfield code="w">re09 2018-09-06 to CIP</subfield>
    <subfield code="a">xn11 2019-12-09 1 copy rec&apos;d., to CIP ver.</subfield>
    <subfield code="f">re24 2019-12-12 to CALM</subfield>
  </datafield>
  <datafield tag="010" ind1=" " ind2=" ">
    <subfield code="a">  2018025742</subfield>
  </datafield>
  <datafield tag="020" ind1=" " ind2=" ">
    <subfield code="a">9781419735011 (hardback)</subfield>
  </datafield>
  <datafield tag="040" ind1=" " ind2=" ">
    <subfield code="a">DLC</subfield>
    <subfield code="b">eng</subfield>
    <subfield code="c">DLC</subfield>
    <subfield code="e">rda</subfield>
    <subfield code="d">DLC</subfield>
  </datafield>
  <datafield tag="042" ind1=" " ind2=" ">
    <subfield code="a">pcc</subfield>
  </datafield>
  <datafield tag="043" ind1=" " ind2=" ">
    <subfield code="a">n-us---</subfield>
  </datafield>
  <datafield tag="050" ind1="0" ind2="0">
    <subfield code="a">GV1811.S377</subfield>
    <subfield code="b">G75 2019</subfield>
  </datafield>
  <datafield tag="082" ind1="0" ind2="0">
    <subfield code="a">791.3092</subfield>
    <subfield code="a">B</subfield>
    <subfield code="2">23</subfield>
  </datafield>
  <datafield tag="084" ind1=" " ind2=" ">
    <subfield code="a">CGN000000</subfield>
    <subfield code="a">CGN006000</subfield>
    <subfield code="2">bisacsh</subfield>
  </datafield>
  <datafield tag="100" ind1="1" ind2=" ">
    <subfield code="a">Griffith, Bill,</subfield>
    <subfield code="d">1944-</subfield>
    <subfield code="e">author.</subfield>
  </datafield>
  <datafield tag="245" ind1="1" ind2="0">
    <subfield code="a">Nobody&apos;s fool :</subfield>
    <subfield code="b">the life and times of Schlitzie the Pinhead /</subfield>
    <subfield code="c">Bill Griffith.</subfield>
  </datafield>
  <datafield tag="264" ind1=" " ind2="1">
    <subfield code="a">New York :</subfield>
    <subfield code="b">Abrams ComicArts,</subfield>
    <subfield code="c">[2019]</subfield>
  </datafield>
  <datafield tag="300" ind1=" " ind2=" ">
    <subfield code="a">248 pages :</subfield>
    <subfield code="b">illustrations ;</subfield>
    <subfield code="c">25 cm</subfield>
  </datafield>
  <datafield tag="336" ind1=" " ind2=" ">
    <subfield code="a">text</subfield>
    <subfield code="b">txt</subfield>
    <subfield code="2">rdacontent</subfield>
  </datafield>
  <datafield tag="336" ind1=" " ind2=" ">
    <subfield code="a">still image</subfield>
    <subfield code="b">sti</subfield>
    <subfield code="2">rdacontent</subfield>
  </datafield>
  <datafield tag="337" ind1=" " ind2=" ">
    <subfield code="a">unmediated</subfield>
    <subfield code="b">n</subfield>
    <subfield code="2">rdamedia</subfield>
  </datafield>
  <datafield tag="338" ind1=" " ind2=" ">
    <subfield code="a">volume</subfield>
    <subfield code="b">nc</subfield>
    <subfield code="2">rdacarrier</subfield>
  </datafield>
  <datafield tag="520" ind1=" " ind2=" ">
    <subfield code="a">&quot;The story of Schlitzie&apos;s long career--from Coney Island and the Ringling Bros. Circus to small town carnivals and big city sideshows--is one of legend. Today, Schlitzie is most well-known for his appearance in the cult classic Freaks (produced by MGM of all studios in 1932 and directed by Tod Browning, his first feature after the horror classic Dracula), in which all of the sideshow performers were real, not actors. The making of Freaks and Schlitzie&apos;s role in the film is a centerpiece of the book. Freaks was also the inspiration for Zippy the Pinhead, now in its 31st year of newspaper syndication via King Features, and led to Griffith&apos;s 50-year cartooning career. In researching Schlitzie&apos;s life (1901-1971), Griffith has tracked down primary sources and archives throughout the country, including conducting interviews with those who worked with him and had intimate knowledge of his personality, his likes and dislikes, how he responded to being a sideshow &quot;freak,&quot; and much more. This graphic novel biography is not exploitative, but instead humanizes Schlitzie by providing never-before revealed details of his life, offering a unique look into his world and restoring some dignity to his life and recognizing his contributions to popular culture&quot;--</subfield>
    <subfield code="c">Provided by publisher.</subfield>
  </datafield>
  <datafield tag="600" ind1="0" ind2="0">
    <subfield code="a">Schlitzie,</subfield>
    <subfield code="d">1901-1971</subfield>
    <subfield code="v">Comic books, strips, etc.</subfield>
  </datafield>
  <datafield tag="650" ind1=" " ind2="0">
    <subfield code="a">Circus performers</subfield>
    <subfield code="z">United States</subfield>
    <subfield code="v">Biography</subfield>
    <subfield code="v">Comic books, strips, etc.</subfield>
  </datafield>
  <datafield tag="650" ind1=" " ind2="0">
    <subfield code="a">Sideshows</subfield>
    <subfield code="z">United States</subfield>
    <subfield code="x">History</subfield>
    <subfield code="y">20th century</subfield>
    <subfield code="v">Comic books, strips, etc.</subfield>
  </datafield>
  <datafield tag="630" ind1="0" ind2="0">
    <subfield code="a">Freaks (Motion picture)</subfield>
    <subfield code="v">Comic books, strips, etc.</subfield>
  </datafield>
  <datafield tag="655" ind1=" " ind2="0">
    <subfield code="a">Graphic novels.</subfield>
  </datafield>
  <datafield tag="650" ind1=" " ind2="7">
    <subfield code="a">COMICS &amp; GRAPHIC NOVELS / General.</subfield>
    <subfield code="2">bisacsh</subfield>
  </datafield>
  <datafield tag="650" ind1=" " ind2="7">
    <subfield code="a">COMICS &amp; GRAPHIC NOVELS / Literary.</subfield>
    <subfield code="2">bisacsh</subfield>
  </datafield>
  <datafield tag="776" ind1="0" ind2="8">
    <subfield code="i">Online version:</subfield>
    <subfield code="a">Griffith, Bill, 1944- author.</subfield>
    <subfield code="t">Nobody&apos;s fool</subfield>
    <subfield code="d">New York : Abrams ComicArts, 2019</subfield>
    <subfield code="z">9781683354529</subfield>
    <subfield code="w">(DLC) 2018043364</subfield>
  </datafield>
</record>