
<record>
  <leader>04785cam a22004458i 4500</leader>
  <controlfield tag="001">20662050</controlfield>
  <controlfield tag="005">20200102100134.0</controlfield>
  <controlfield tag="008">180903s2018    mou      b    001 0 eng c</controlfield>
  <datafield tag="906" ind1=" " ind2=" ">
    <subfield code="a">7</subfield>
    <subfield code="b">cbc</subfield>
    <subfield code="c">orignew</subfield>
    <subfield code="d">1</subfield>
    <subfield code="e">ecip</subfield>
    <subfield code="f">20</subfield>
    <subfield code="g">y-gencatlg</subfield>
  </datafield>
  <datafield tag="925" ind1="0" ind2=" ">
    <subfield code="a">acquire</subfield>
    <subfield code="b">1 shelf copy</subfield>
    <subfield code="x">policy default</subfield>
  </datafield>
  <datafield tag="955" ind1=" " ind2=" ">
    <subfield code="a">LBSOR</subfield>
    <subfield code="e">rk02 2018-09-10 to Dewey (telework--episodic)</subfield>
    <subfield code="w">xm06 2018-09-10</subfield>
    <subfield code="a">xn11 2019-09-20 1 copy rec&apos;d., to CIP ver.</subfield>
    <subfield code="f">re24 2020-01-02 to CALM</subfield>
  </datafield>
  <datafield tag="010" ind1=" " ind2=" ">
    <subfield code="a">  2018007896</subfield>
  </datafield>
  <datafield tag="020" ind1=" " ind2=" ">
    <subfield code="a">9780758652553</subfield>
  </datafield>
  <datafield tag="040" ind1=" " ind2=" ">
    <subfield code="a">LBSOR/DLC</subfield>
    <subfield code="b">eng</subfield>
    <subfield code="c">LBSOR</subfield>
    <subfield code="e">rda</subfield>
    <subfield code="d">DLC</subfield>
  </datafield>
  <datafield tag="041" ind1="1" ind2=" ">
    <subfield code="a">eng</subfield>
    <subfield code="h">lat</subfield>
  </datafield>
  <datafield tag="042" ind1=" " ind2=" ">
    <subfield code="a">pcc</subfield>
  </datafield>
  <datafield tag="050" ind1="0" ind2="0">
    <subfield code="a">BX8068</subfield>
    <subfield code="b">.K5713 2018</subfield>
  </datafield>
  <datafield tag="082" ind1="0" ind2="0">
    <subfield code="a">230/.41</subfield>
    <subfield code="2">23</subfield>
  </datafield>
  <datafield tag="100" ind1="1" ind2=" ">
    <subfield code="a">Kirchner, Timotheus,</subfield>
    <subfield code="d">1533-1587,</subfield>
    <subfield code="e">author.</subfield>
  </datafield>
  <datafield tag="240" ind1="1" ind2="0">
    <subfield code="a">Apologia Libri Christianae Concordiae.</subfield>
    <subfield code="l">English</subfield>
  </datafield>
  <datafield tag="245" ind1="1" ind2="0">
    <subfield code="a">Apology or vindication of the Christian Book of Concord  :</subfield>
    <subfield code="b">in which the true, Christian doctrine, drawn up on the Book of Concord, is defended with good reasons from God&apos;s holy scriptures, whereas the sophistry and calumnies which have been dispersed in print by turbulent people against this Christian book are refuted /</subfield>
    <subfield code="c">Martin Chemnitz, Timothy Kirchner, Nicolaus Selnecker ; translated by James L. Langebartels ; edited by Kevin G. Walker.</subfield>
  </datafield>
  <datafield tag="264" ind1=" " ind2="1">
    <subfield code="a">St. Louis, MO :</subfield>
    <subfield code="b">Concordia Publishing House,</subfield>
    <subfield code="c">2018.</subfield>
  </datafield>
  <datafield tag="300" ind1=" " ind2=" ">
    <subfield code="a">xxvii, 472 pages ;</subfield>
    <subfield code="c">24 cm.</subfield>
  </datafield>
  <datafield tag="336" ind1=" " ind2=" ">
    <subfield code="a">text</subfield>
    <subfield code="2">rdacontent</subfield>
  </datafield>
  <datafield tag="337" ind1=" " ind2=" ">
    <subfield code="a">unmediated</subfield>
    <subfield code="2">rdamedia</subfield>
  </datafield>
  <datafield tag="338" ind1=" " ind2=" ">
    <subfield code="a">volume</subfield>
    <subfield code="2">rdacarrier</subfield>
  </datafield>
  <datafield tag="490" ind1="0" ind2=" ">
    <subfield code="a">Chemnitz&apos;s works ;</subfield>
    <subfield code="v">volume 10</subfield>
  </datafield>
  <datafield tag="520" ind1=" " ind2=" ">
    <subfield code="a">&quot;Lutheran pastors, professors, and students of the Reformation will find here the first and best defense of the Formula of Concord&apos;s theology. Just as the Augsburg Confession had its &quot;Apology&quot; (defense) by Melanchthon, so the Formula of Concord had its &quot;Apology&quot; (defense) by Chemnitz and his associates&quot;--</subfield>
    <subfield code="c">Provided by publisher.</subfield>
  </datafield>
  <datafield tag="500" ind1=" " ind2=" ">
    <subfield code="a">Translation of: Apologia Libri Christianae Concordiae.</subfield>
  </datafield>
  <datafield tag="500" ind1=" " ind2=" ">
    <subfield code="a">Prepared by some theologians commissioned for this project in the year after the birth of our Lord and Savior Jesus Christ, 1583.  With the permission of His serene Highness&apos; administrator of the archbishopric of Madgeburg.</subfield>
  </datafield>
  <datafield tag="504" ind1=" " ind2=" ">
    <subfield code="a">Includes bibliographical references and index.</subfield>
  </datafield>
  <datafield tag="505" ind1="0" ind2=" ">
    <subfield code="a">The person of Christ -- Thorough declaration and solid refutation objections with which our opponents seek to justify and defend -- True and solid refutation of the false charge of which the Neustadt theologians baselessly accuse the Christian Book of Concord in the article of the person of Christ -- Solid, true, and sound refutation of the confession and apology of some theologians which they have spread through the Neustadt press against the Christian Book of Concord under the guise and title of the Anhalt theologians -- Thorough response to the confession of the Neustadt book on the sacraments in general and then the Lord&apos;s Supper in particular -- Thorough acccount and firm refutation of the excuse with which our opponents seek to justify and defend the doctrine of the Lord&apos;s Supper in the Neustadt book -- Sound, truthful refutation of the false accusations with which the Neustadt theologians baselessly accuse the christian book of concord concerning the doctrine of the Lord&apos;s Supper -- Firm report on the authority or reputation of the Augsburg Confession -- Thorough account of the correct, true understanding of the Augsburg Confession, which was never Zwinglian, as our opponents allege -- Truthful report on the authority and reputation of Dr. Luther in the present controversy -- Firm report and answer on the complaint that our opponents&apos; doctrine is unjustly rejected and faulted  -- Thorough refutation of the offensive phrases and doctrines which the Neustadt theologians ascribe to the Christian Book of Concord -- Truthful report on the legal process held with the Christian Book of Concord and rejection of the calumnies our opponents have unjustly spread against it -- Sound refutation of the calumnies regarding the harm and disadvantage which, in the fictitious assertion of our opponents, resulted from the publication and completion of the Christian Book of Concord -- Firm report on the conclusion of the Neustadt book which treats of the proper way to unity between us and them.</subfield>
  </datafield>
  <datafield tag="630" ind1="0" ind2="0">
    <subfield code="a">Book of concord.</subfield>
  </datafield>
  <datafield tag="650" ind1=" " ind2="0">
    <subfield code="a">Lutheran Church</subfield>
    <subfield code="x">Doctrines</subfield>
    <subfield code="v">Early works to 1800.</subfield>
  </datafield>
  <datafield tag="700" ind1="1" ind2=" ">
    <subfield code="a">Selneccer, Nicolaus,</subfield>
    <subfield code="d">1530-1592,</subfield>
    <subfield code="e">author.</subfield>
  </datafield>
  <datafield tag="700" ind1="1" ind2=" ">
    <subfield code="a">Chemnitz, Martin,</subfield>
    <subfield code="d">1522-1586,</subfield>
    <subfield code="e">author.</subfield>
  </datafield>
  <datafield tag="700" ind1="1" ind2=" ">
    <subfield code="a">Walker, Kevin</subfield>
    <subfield code="q">(Kevin G.),</subfield>
    <subfield code="e">editor.</subfield>
  </datafield>
  <datafield tag="700" ind1="1" ind2=" ">
    <subfield code="a">Langebartels, James</subfield>
    <subfield code="q">(James L.),</subfield>
    <subfield code="e">translator.</subfield>
  </datafield>
  <datafield tag="776" ind1="0" ind2="8">
    <subfield code="i">Online version:</subfield>
    <subfield code="a">Kirchner, Timotheus, 1533-1587, author.</subfield>
    <subfield code="t">Apology or vindication of the Christian Book of concord</subfield>
    <subfield code="d">St. Louis, MO : Concordia Publishing House, 2018</subfield>
    <subfield code="z">9780758652560</subfield>
    <subfield code="w">(DLC) 2018043617</subfield>
  </datafield>
  <datafield tag="985" ind1=" " ind2=" ">
    <subfield code="a">LBSORCIP</subfield>
    <subfield code="d">2018-09-07</subfield>
  </datafield>
</record>