
<record>
  <leader>02187cam a2200421 i 4500</leader>
  <controlfield tag="001">20669418</controlfield>
  <controlfield tag="005">20200102151201.0</controlfield>
  <controlfield tag="008">180914m20179999bw a     e    000 0 bel d</controlfield>
  <datafield tag="906" ind1=" " ind2=" ">
    <subfield code="a">7</subfield>
    <subfield code="b">cbc</subfield>
    <subfield code="c">copycat</subfield>
    <subfield code="d">2</subfield>
    <subfield code="e">ncip</subfield>
    <subfield code="f">20</subfield>
    <subfield code="g">y-nonroman</subfield>
  </datafield>
  <datafield tag="925" ind1="0" ind2=" ">
    <subfield code="a">acquire</subfield>
    <subfield code="b">1 shelf copy</subfield>
    <subfield code="x">policy default</subfield>
  </datafield>
  <datafield tag="955" ind1=" " ind2=" ">
    <subfield code="b">fc70 2018-09-14 z-processor JACKPHY</subfield>
    <subfield code="a">fc00 2018-09-14 to GS/ECE</subfield>
    <subfield code="i">fc70 2018-10-02 telework to CALM (hardbound)</subfield>
    <subfield code="a">fc00 2019-08-09 to GS/ECE v. 2</subfield>
    <subfield code="c">fc70 2019-08-09 add v. 2 to CALM</subfield>
    <subfield code="a">fc00 2020-01-02 to GS/ECE v. 3 added to CALM</subfield>
  </datafield>
  <datafield tag="010" ind1=" " ind2=" ">
    <subfield code="a">  2018408236</subfield>
  </datafield>
  <datafield tag="020" ind1=" " ind2=" ">
    <subfield code="a">9789851110410</subfield>
  </datafield>
  <datafield tag="020" ind1=" " ind2=" ">
    <subfield code="a">9851110418</subfield>
  </datafield>
  <datafield tag="020" ind1=" " ind2=" ">
    <subfield code="a">9789851110427</subfield>
    <subfield code="q">(t. 1)</subfield>
  </datafield>
  <datafield tag="020" ind1=" " ind2=" ">
    <subfield code="a">9851110426</subfield>
    <subfield code="q">(t. 1)</subfield>
  </datafield>
  <datafield tag="020" ind1=" " ind2=" ">
    <subfield code="a">9789851110793</subfield>
    <subfield code="q">(t. 2)</subfield>
  </datafield>
  <datafield tag="020" ind1=" " ind2=" ">
    <subfield code="a">9789851110953</subfield>
    <subfield code="q">(t. 3)</subfield>
  </datafield>
  <datafield tag="035" ind1=" " ind2=" ">
    <subfield code="a">(OCoLC)on1031115497</subfield>
  </datafield>
  <datafield tag="040" ind1=" " ind2=" ">
    <subfield code="a">PIT</subfield>
    <subfield code="b">eng</subfield>
    <subfield code="e">rda</subfield>
    <subfield code="c">PIT</subfield>
    <subfield code="d">OCLCF</subfield>
    <subfield code="d">DLC</subfield>
  </datafield>
  <datafield tag="042" ind1=" " ind2=" ">
    <subfield code="a">lccopycat</subfield>
  </datafield>
  <datafield tag="050" ind1="0" ind2="0">
    <subfield code="a">PG2835.L85</subfield>
    <subfield code="b">Z647 2017</subfield>
  </datafield>
  <datafield tag="066" ind1=" " ind2=" ">
    <subfield code="c">(N</subfield>
    <subfield code="c">(Q</subfield>
  </datafield>
  <datafield tag="245" ind1="0" ind2="0">
    <subfield code="6">880-01</subfield>
    <subfield code="a">I︠A︡nka Kupala :</subfield>
    <subfield code="b">ėntsyklapedyi︠a︡ /</subfield>
    <subfield code="c">rėdaktsyĭnai︠a︡ kalehii︠a︡ U.U. Andryevich (haloŭny rėdaktar) [and 25 others].</subfield>
  </datafield>
  <datafield tag="880" ind1="0" ind2="0">
    <subfield code="6">245-01/(N</subfield>
    <subfield code="a">Янка Купала :</subfield>
    <subfield code="b">энцыклапедыя /</subfield>
    <subfield code="c">рэдакцыйная калегія У.У. Андрыевіч (галоўны рэдактар) [and 25 others].</subfield>
  </datafield>
  <datafield tag="264" ind1=" " ind2="1">
    <subfield code="6">880-02</subfield>
    <subfield code="a">Minsk :</subfield>
    <subfield code="b">Belaruskai︠a︡ ėntsyklapedyi︠a︡ imi︠a︡ Petrusi︠a︡ Boŭki,</subfield>
    <subfield code="c">2017-&lt;2018&gt;</subfield>
  </datafield>
  <datafield tag="880" ind1=" " ind2="1">
    <subfield code="6">264-02/(N</subfield>
    <subfield code="a">Мінск :</subfield>
    <subfield code="b">Беларуская энцыклапедыя імя Петруся Боўкі,</subfield>
    <subfield code="c">2017-&lt;2018&gt;</subfield>
  </datafield>
  <datafield tag="300" ind1=" " ind2=" ">
    <subfield code="a">volumes &lt;1-3&gt; :</subfield>
    <subfield code="b">illustrations (some color) ;</subfield>
    <subfield code="c">27 cm</subfield>
  </datafield>
  <datafield tag="336" ind1=" " ind2=" ">
    <subfield code="a">text</subfield>
    <subfield code="b">txt</subfield>
    <subfield code="2">rdacontent</subfield>
  </datafield>
  <datafield tag="337" ind1=" " ind2=" ">
    <subfield code="a">unmediated</subfield>
    <subfield code="b">n</subfield>
    <subfield code="2">rdamedia</subfield>
  </datafield>
  <datafield tag="338" ind1=" " ind2=" ">
    <subfield code="a">volume</subfield>
    <subfield code="b">nc</subfield>
    <subfield code="2">rdacarrier</subfield>
  </datafield>
  <datafield tag="880" ind1="1" ind2=" ">
    <subfield code="6">505-00/(N</subfield>
    <subfield code="a">Tom 1. A-Z = А-З -- Tom 2. I-O -- Tom 3. P-I︠A︡.</subfield>
  </datafield>
  <datafield tag="600" ind1="1" ind2="0">
    <subfield code="a">Kupala, I︠A︡nka,</subfield>
    <subfield code="d">1882-1942</subfield>
    <subfield code="v">Encyclopedias.</subfield>
  </datafield>
  <datafield tag="600" ind1="1" ind2="7">
    <subfield code="a">Kupala, I︠A︡nka,</subfield>
    <subfield code="d">1882-1942.</subfield>
    <subfield code="2">fast</subfield>
    <subfield code="0">(OCoLC)fst00078930</subfield>
  </datafield>
  <datafield tag="655" ind1=" " ind2="7">
    <subfield code="a">Encyclopedias.</subfield>
    <subfield code="2">fast</subfield>
    <subfield code="0">(OCoLC)fst01423798</subfield>
  </datafield>
  <datafield tag="700" ind1="1" ind2=" ">
    <subfield code="6">880-03</subfield>
    <subfield code="a">Andryevich, U. U.</subfield>
    <subfield code="q">(Uladzimir Uladzimiravich),</subfield>
    <subfield code="e">editor.</subfield>
  </datafield>
  <datafield tag="880" ind1="1" ind2=" ">
    <subfield code="6">700-03/(N</subfield>
    <subfield code="a">Андрыевіч, У. У.</subfield>
    <subfield code="q">(Уладзімір Уладзіміравіч),</subfield>
    <subfield code="e">editor.</subfield>
  </datafield>
  <datafield tag="923" ind1=" " ind2=" ">
    <subfield code="a">NLB exchange</subfield>
  </datafield>
</record>